4042 6342
73 353 123 410 ac
599 354 811 417 rnncrarus
824 310 866 417 'tn
883 354 987 421 cxnnt
1002 365 1177 427 εειιιιιιιι.
1474 402 1482 414 ·
1648 376 1705 437 sao

70 480 121 525 tunt
146 466 324 524 descendente
344 481 377 525 eo
400 470 497 525 colunt
513 478 556 527 est
573 488 581 529 ε
596 472 658 543 quia
671 472 710 547 (a)
724 487 784 529 curn
812 476 859 533 dc·
873 476 1004 539 Aeonum
1017 480 1078 554 (Pr.
1090 480 1203 554 catull}
1213 497 1221 538 ε
1233 485 1453 556 parmiorum,ut
1470 486 1554 562 016
1562 488 1709 562 Apostolus

72 562 210 620 scendente
223 577 257 617 eo
280 561 314 617 ad
334 564 525 619 assumendum
552 563 689 623 bominem
713 566 857 625 famulatus
908 568 1146 639 ait,malitia,non
1161 574 1479 651 sensullCor.rrn,2li).
1501 580 1707 657 liorumigitur,

66 654 177 711 caelestis
196 652 353 720 adstiterit,
380 654 445 711 Cum
462 656 545 713 liaris
563 658 773 729 evangelizatur,
793 674 855 717 orum
908 660 934 717 id
949 670 1000 729 εει,
1015 664 1133 721 bdelium
1158 666 1191 721 ad
1215 667 1399 726 innocentiam
1421 680 1579 730 renatorum
1597 676 1703 746 rerba,

66 754 182 817 pastores
205 743 355 801 aetbereum
377 756 478 802 coetum
499 754 526 803 et
551 760 648 804 sonum
670 749 762 806 vident
775 758 855 820 atque
907 758 1044 822 tamquam
1058 756 1301 826 sapittaeemissae3
1314 759 1706 823 illoslunuantesutonteseon·

64 838 179 906 audiunt,
192 851 253 893 cum
269 845 331 908 post
343 839 518 895 secutionem
532 838 632 895 diaboli
647 840 744 911 Angeli
758 843 854 900 minis·
907 843 1073 901 turbabunt:
1096 861 1158 904 curn
1172 849 1249 921 regni
1262 852 1382 909 eoeiestis
1404 852 1546 911 beatitudo
1562 860 1707 915 stateral-

65 939 142 999 trant‚
155 944 215 985 auur
228 930 288 1002 ipse
301 938 375 987 totus
386 930 424 1001 (t)
439 930 466 986 in
482 930 566 987 torma
581 932 643 988 licet
657 933 729 989 sorti
740 971 755 999 ,.
765 943 854 991 tamen
906 942 948 990 tas
961 935 1142 1004 praedicetur,
1157 953 1219 995 oum
1235 940 1324 999 bonor
1336 944 1430 1001 amuli
1453 953 1654 1018 couoemnatur,
1677 962 1705 1007 et

63 1024 87 1079 in
103 1034 218 1094 paternae
235 1022 385 1093 majestatis
405 1024 505 1079 uirtute
517 1038 547 1080 se
567 1026 662 1095 gessit.
679 1024 725 1083 Sic
740 1024 853 1083 inclina·
905 1026 1003 1084 Christi
1017 1029 1104 1099 gloria
1118 1042 1260 1102 speretur:
1274 1050 1337 1093 cum
1351 1037 1432 1095 luxus
1443 1048 1473 1096 et
1485 1040 1604 1099 ebrietas
1618 1044 1703 1101 reba·

65 1124 105 1171 tur
118 1114 224 1182 coelum,
238 1128 300 1171 euro
312 1114 345 1171 ad
359 1124 445 1172 terras
453 1115 604 1172 caelestium
622 1114 712 1173 Virtus
722 1116 791 1191 (teil.
804 1117 853 1177 bei
904 1127 1022 1189 quatur,
1041 1130 1178 1192 etcorpus
1203 1124 1314 1196 jeiuniis
1338 1142 1483 1200 pungetur,
1505 1146 1569 1189 curn
1594 1136 1704 1191 avaritie

61 1205 149 1279 Filius)
162 1206 300 1279 honorque
312 1206 464 1264 deducitur.
485 1210 493 1262 i
903 1209 1038 1279 vincatur,
1052 1220 1081 1268 et
1094 1213 1201 1285 largitio
1223 1228 1397 1287 camosetum
1413 1236 1475 1277 cum
1499 1222 1625 1294 Virgines
1646 1240 1703 1283 eor-

94 1300 136 1355 ll.
151 1298 254 1355 Diaboli
266 1306 378 1373 potestat
391 1300 588 1373 qtieonsrnetn,
600 1301 780 1357 etrintattlntu.
797 1300 852 1357 Fat-
904 1318 953 1373 pus
966 1317 1046 1359 suum
1066 1305 1268 1371 uderin13cum
1292 1309 1385 1366 Viduas
1407 1312 1492 1369 luisse
1504 1315 1625 1387 virgines
1644 1334 1688 1374 rua

60 1402 118 1463 mot,
133 1394 248 1450 nondam
260 1402 328 1450 totar
340 1396 433 1450 aritae.
448 1424 485 1437 -
510 1394 538 1451 ln
552 1410 585 1453 eo
600 1404 689 1451 autem
702 1395 773 1467 quod
784 1396 851 1470 ,ιεειί
902 1396 1032 1463 Ιιιὶεεειιι;
1045 1412 1108 1453 cum
1130 1398 1302 1457 conlassores
1317 1403 1399 1460 sitam
1409 1420 1488 1463 suant
1506 1407 1695 1467 detestentur:

59 1485 299 1558 montesiumlgant
309 1487 399 1559 potius
416 1487 673 1561 quamutuntur,(e)
685 1502 744 1544 curn
759 1496 849 1544 tamen
901 1483 963 1548 cum
977 1492 1047 1548 mori
1059 1494 1224 1566 martyribus
1235 1494 1273 1550 sit
1285 1475 1414 1567 optabile.
1429 1498 1464 1555 Et
1486 1500 1538 1557 buc
1552 1511 1638 1559 toturn
1654 1519 1695 1561 sa·

56 1578 82 1635 id
96 1579 192 1637 indicet
211 1580 283 1648 cuod
300 1579 433 1649 iumetur;
449 1580 549 1638 deinde
567 1596 628 1637 oum
644 1582 850 1639 coruscantibus
900 1586 975 1657 gitta
986 1584 1057 1654 istae,
1069 1586 1096 1643 id
1110 1596 1172 1655 eat,
1192 1586 1325 1647 doetnmc
1347 1599 1375 1647 et
1388 1593 1608 1653 adhortationum
1622 1598 1702 1655 nerbn

55 1672 281 1729 coruscationibus
294 1672 461 1744 dissipantur
475 1672 564 1746 potius
578 1688 658 1743 quam
670 1669 852 1743 illucescunt?
901 1679 1088 1749 praestiterint,
1102 1696 1163 1751 uuae
1174 1682 1283 1739 amima
1292 1696 1340 1743 eoa
1354 1685 1401 1756 qui
1422 1686 1465 1743 bis
1488 1688 1702 1747 adseruabantur·

57 1771 109 1819 tura
124 1764 193 1835 quod
205 1764 313 1821 emissis
332 1766 437 1837 sagittis
451 1766 647 1823 cortturbantur
661 1767 747 1839 magis
767 1781 848 1839 quam
900 1772 1086 1829 conturbant:
1108 1786 1170 1829 euin
1196 1784 1321 1833 cessante
1345 1792 1431 1849 regno
1453 1792 1569 1851 eorum,
1599 1782 1699 1842 Christi

54 1854 216 1927 configuntur
230 1874 238 1910 z
253 1872 306 1915 non
321 1857 380 1913 sins
393 1858 511 1915 maxima
525 1860 630 1915 ratione
653 1858 783 1931 spiritalis
804 1860 847 1915 in·
861 1868 886 1929 Β
899 1864 974 1934 regni
989 1866 1156 1935 exspectatio
1166 1866 1340 1936 praedicatur.
1409 1844 1421 1866 ⁰

53 1947 202 2019 teiligentiae
215 1950 253 2005 ita
266 1948 375 2006 dicitur.
392 1950 426 2007 Et
445 1952 553 2023 qtrideut
565 1952 621 2023 jam
636 1962 664 2009 et
684 1951 753 2009 alios
774 1954 847 2024 psal·
934 1956 978 2012 il.
993 1954 1409 2019 Uerumtamen—Sedet
1421 1966 1523 2023 exalto
1535 1982 1631 2026 mantra
1643 1969 1697 2027 bo-

52 2056 107 2096 mus
122 2041 161 2097 bis
174 2042 248 2113 paria
258 2042 402 2115 significat,
422 2059 484 2101 curn
499 2044 555 2100 ait:
572 2042 731 2116 Proponant
747 2054 846 2102 montet
898 2046 963 2103 mini
974 2048 1117 2105 emittitur.
1134 2050 1243 2107 Manum
1256 2061 1346 2109 antem
1357 2053 1408 2111 Dei
1420 2054 1562 2114 &ninum
1574 2070 1697 2117 nostrum

49 2133 76 2186 in
90 2134 180 2189 uirtute
195 2144 250 2203 tua,
275 2137 406 2192 adactor
427 2136 540 2207 potando
553 2134 639 2209 (unt.
656 2152 731 2205 univ,
747 2136 845 2209 ttdd-
896 2139 989 2196 lesum
1002 2140 1141 2198 Christum
1162 2143 1308 2215 signiticart
1322 2145 1351 2202 iu
1374 2147 1490 2219 Spiritu,
1506 2165 1561 2208 nun
1575 2152 1691 2209 obscura

48 2229 209 2286 ventusnim
226 2229 332 2287 1)οωίιί
346 2228 484 2287 contracta
503 2238 532 2287 et
551 2230 649 2287 obtrita
673 2229 773 2286 diaboii
797 2244 846 2302 pu-
894 2231 1018 2289 doctrina
1044 2242 1096 2291 εει.
1112 2234 1240 2292 Peneum
1264 2238 1336 2294 enim
1359 2238 1428 2296 iacta
1442 2251 1508 2298 suut
1527 2245 1630 2301 omnia.
1656 2246 1691 2303 Et

50 2330 127 2379 testas
140 2332 192 2390 εει,
216 2338 279 2381 curn
300 2322 363 2381 ildei
378 2332 534 2380 sanctorum
549 2322 689 2381 bominum
707 2323 845 2395 subjectus
896 2324 1027 2396 scripturn
1039 2324 1163 2396 legimus,
1177 2326 1273 2383 Manus
1286 2330 1370 2397 enim,
1385 2331 1483 2403 inquit,
1501 2349 1563 2391 mea
1582 2335 1695 2393 auxilia-

47 2426 87 2473 est
102 2437 109 2475 :
122 2434 175 2475 non
199 2419 273 2491 quud
298 2434 351 2475 non
366 2418 460 2487 adbuc,
480 2418 609 2491 potentiae
631 2432 688 2474 suae
712 2417 845 2475 maximas
896 2416 970 2473 bitur
983 2416 1078 2487 aiffa.
1093 2434 1225 2486 urnxnnr,
1238 2420 1286 2493 22)
1301 2439 1308 2475 ε
1321 2422 1385 2493 quia
1399 2424 1541 2494 partilium
1552 2427 1600 2484 Dei
1614 2428 1695 2485 bomo

48 2511 141 2569 babeat
156 2513 240 2581 sires,
267 2512 316 2570 aad
340 2526 388 2584 per
408 2511 435 2568 id
449 2511 520 2583 quod
545 2520 691 2582 utcumque
704 2510 844 2581 subjectus
896 2520 1062 2581 assumptus,
1073 2510 1176 2582 laqueis
1190 2513 1285 2569 mortis
1301 2521 1329 2569 et
1346 2512 1450 2585 iudicio
1466 2517 1567 2588 iniquae
1579 2518 1692 2577 damua-

45 2614 94 2671 cst,
114 2605 257 2677 praesentis
269 2604 446 2677 subjectionis
460 2601 616 2660 conditione
634 2602 730 2658 ultioni
745 2609 773 2657 et
784 2615 843 2672 pre-
896 2601 978 2658 tionis
988 2617 1039 2673 per
1046 2602 1162 2674 gloriam
1172 2604 1380 2663 resurrectionis
1392 2608 1517 2680 eripitur.

47 2713 85 2753 nas
101 2698 225 2770 legitimas
242 2705 410 2770 praeparatur
428 2714 435 2750 :
449 2703 479 2752 ut
489 2710 561 2752 nunc
576 2708 624 2767 per
637 2694 708 2751 banc
719 2694 843 2751 eandem
933 2694 978 2750 lb.
992 2694 1083 2765 aquo,
1098 2696 1189 2769 papali
1198 2698 1498 2771 perituri-Sequitur
1509 2703 1584 2759 euim
1597 2701 1698 2777 :Eripe

44 2790 232 2861 subjectionem
249 2789 349 2845 sirtutc
367 2788 414 2845 liei
427 2795 516 2843 tactus
530 2785 625 2851 induet,
643 2786 705 2841 iicet
718 2784 839 2841 nundum
896 2787 1062 2858 medeapnia
1078 2788 1179 2845 multia.
1201 2788 1294 2861 Aquas
1307 2791 1422 2863 populos
1442 2792 1509 2862 dici,
1529 2796 1631 2851 usitata
1650 2810 1695 2853 co·
1760 2823 1766 2833 ·

44 2891 112 2941 totus
136 2896 232 2942 uratur
245 2904 253 2941 ι
268 2883 316 2942 sed
341 2898 390 2956 per
409 2882 436 2939 id
450 2880 522 2953 quod
544 2881 654 2938 interim
677 2878 781 2936 iumare
796 2894 845 2952 po-
897 2878 984 2951 pnitio
1005 2888 1048 2935 est
1074 2878 1116 2953 (ut
1134 2881 1217 2937 etiarn
1234 2896 1283 2953 per
1302 2882 1410 2940 Esaiam
1431 2884 1568 2943 dicentem
1583 2885 1655 2959 (nnn,
1669 2887 1697 2962 l)

44 2978 99 3043 tuit,
112 2986 139 3034 et
154 2977 195 3034 uri
210 2992 293 3049 posse
308 2974 464 3033 noscendus
476 2982 528 3031 εει.
541 2974 634 3032 Uritur
648 2988 702 3031 non
717 2972 763 3030 ille
783 2980 844 3029 tan·
896 2970 1045 3040 doeemur,
1067 2972 1177 3043 Propter
1198 2974 1247 3029 dne
1266 2990 1323 3031 ecre
1346 2974 1473 3032 Donidius
1492 2979 1596 3035 inducat
1619 2995 1697 3051 anper

44 3077 106 3137 tum,
125 3069 213 3127 sedet
228 3084 325 3126 omnes
336 3069 405 3140 ejus.
421 3066 480 3124 Non
494 3066 541 3122 uni
560 3073 664 3122 tantum
675 3072 843 3137 praeparatus
895 3079 940 3120 nor
954 3081 1049 3137 aquom
1061 3066 1135 3136 riuti
1149 3065 1297 3121 solidasset
1310 3067 1428 3133 nattam,
1442 3076 1468 3124 et
1476 3059 1695 3141 repent'daaprie

44 3160 84 3218 liic
97 3162 231 3234 igniscat,
247 3161 362 3219 Domino
379 3160 485 3217 dicente
500 3178 508 3214 a
521 3157 602 3215 abite
613 3159 641 3213 in
664 3159 753 3228 ignem
767 3164 843 3213 aeter·
894 3159 975 3231 runa),
990 3174 1106 3231 quorum
1117 3160 1205 3215 sirtus
1218 3168 1299 3232 atoue
1318 3162 1372 3216 sita
1387 3162 1416 3217 in
1424 3162 1588 3219 abolendum
1607 3163 1690 3219 tinam

44 3271 125 3321 num,
147 3271 229 3328 quem
245 3254 408 3327 preparavit
422 3254 503 3310 Pater
512 3266 589 3308 rnetta
599 3250 708 3307 diabolo
717 3258 746 3308 et
758 3262 841 3321 ange·
855 3264 878 3327 c
896 3249 1024 3320 exemplo
1047 3264 1126 3321 auuae
1141 3250 1324 3307 transfluentis
1346 3251 1475 3309 elabitur.
1491 3251 1526 3311 llt
1550 3253 1595 3311 bic
1619 3253 1691 3311 idem

44 3346 73 3405 lis
88 3350 148 3421 ejus
162 3349 272 3424 (diattb.
287 3362 351 3417 snt,
366 3346 424 3420 li).
442 3346 474 3403 lii
487 3359 553 3419 erpo
566 3352 673 3401 montes
684 3341 773 3399 tactia
790 3342 842 3398 ilo-
892 3337 1029 3411 Propheta
1051 3341 1117 3395 ait:
1148 3340 1293 3397 uenierunt
1317 3342 1389 3397 sicut
1412 3356 1481 3415 aqua
1508 3344 1694 3413 praeterfluens

44 3442 115 3497 „15⁰0
130 3440 287 3498 fumabunt,
892 3429 979 3505 (aaut.
996 3446 1061 3499 usit,
1072 3430 1101 3504 8)
1118 3434 1201 3501 :quia
1221 3441 1317 3489 natura
1331 3447 1435 3501 earum,
1450 3444 1578 3493 cessante
1597 3438 1688 3493 inerc-

74 3532 119 3589 ta.
135 3524 841 3603 beidoctrinndiaperpt'tca.-Dissipabunturetiam
892 3532 984 3581 mento
1007 3524 1092 3583 maris
1115 3525 1144 3581 in
1167 3525 1238 3598 quod
1252 3525 1537 3597 ieruntur,exiuritur.
1552 3528 1587 3602 (f)
1610 3528 1646 3585 Et
1659 3530 1692 3585 dc

44 3626 77 3701 (d)
91 3643 139 3699 per
152 3634 313 3683 coruscatas
327 3624 550 3681 coruscationes:
565 3622 656 3679 iumen
671 3620 775 3678 seilicet
792 3632 841 3676 eo·
892 3634 971 3674 arnna
982 3618 1072 3690 inipso
1083 3618 1198 3690 fidorum
1211 3618 1367 3677 altmonam.
1381 3618 1430 3677 liei
1448 3621 1520 3677 enim
1530 3634 1593 3679 esse
1604 3620 1692 3679 detti-

44 3734 96 3774 rum
112 3719 147 3775 de
169 3720 271 3791 quibua
293 3718 394 3774 dicium
417 3726 460 3773 ost
479 3735 486 3773 :
505 3715 558 3772 Vos
579 3716 738 3771 catislamen
752 3714 843 3769 mnndi
892 3716 991 3775 terant,
1007 3708 1149 3780 dequibus
1162 3710 1327 3779 dictumest,
1345 3710 1411 3768 ditia·
1427 3711 1507 3769 adem
1534 3713 1693 3770 dtaetcrnea·

44 3809 145 3883 [iiottlr.
160 3828 189 3877 n,
205 3809 265 3882 tt),
281 3824 335 3866 non
352 3808 479 3865 terentes.
498 3806 605 3864 bomini
616 3806 842 3878 namqueadsen-
892 3808 952 3855 ruat
964 3798 1023 3870 (Pa.
1042 3815 1110 3868 aur,
1125 3800 1172 3874 tt)
1185 3818 1193 3857 ε
1208 3809 1236 3859 ει
1247 3802 1347 3873 ouibus
1360 3802 1462 3861 dictum
1476 3812 1531 3871 est,
1545 3802 1600 3859 Vos
1610 3820 1625 3861 e
1636 3805 1695 3861 dia-

44 3918 89 3967 ns,
107 3911 250 3974 tanlquam
265 3900 354 3973 lulpur
366 3902 400 3957 ab
414 3900 523 3955 oriente
537 3911 621 3969 usque
636 3898 662 3952 in
673 3897 841 3953 occidentem
892 3889 950 3946 ⁶⁰10
962 3901 1035 3962 italie
1049 3892 1110 3947 2⁸15·
1121 3891 1211 3965 (lwt-
1227 3908 1285 3960 '¹¹¹2
1301 3892 1361 3967 44)·

44 4010 174 4066 rppareus
190 3994 356 4066 intelligetur
371 3990 477 4066 (blattis.
497 4004 572 4055 rats,
582 3988 640 4061 tt).
663 3988 718 4044 Sed
733 3988 842 4043 interim
928 3983 973 4039 td.
986 3980 1102 4039 Dextera
1109 3986 1253 4054 ammoni
1262 3985 1362 4055 inipso.
1373 3984 1473 4043 -Sed
1488 4001 1543 4041 non
1553 3986 1641 4043 solum
1656 3986 1692 4042 ll-

44 4088 244 4144 eorusoatioues
256 4084 350 4141 multae
363 4091 437 4147 sunt,
454 4081 481 4137 id
504 4088 557 4147 ast,
571 4078 729 4151 apostolicas
744 4076 842 4145 praedi·
892 4075 922 4133 lii
938 4074 1019 4132 alieni
1029 4082 1104 4141 sunt,
1120 4075 1264 4131 Dominum
1286 4090 1365 4131 suum
1381 4091 1437 4133 non
1455 4078 1623 4148 recipiendo,
1643 4079 1693 4135 aed

44 4180 168 4246 tationes,
184 4188 213 4236 et
227 4162 356 4251 splendor
372 4174 504 4231 doctriua
527 4171 585 4238 lici,
601 4184 663 4241 qum
678 4167 842 4224 condensam
892 4167 974 4225 etiam
990 4166 1017 4223 id
1027 4166 1241 4239 uuodsequitur,
1253 4164 1336 4223 Vsus.
1351 4168 1390 4227 8:
1405 4168 1520 4236 moron
1534 4185 1564 4224 oa
1578 4169 1693 4225 beatum

47 4275 110 4331 llam
127 4283 156 4332 et
176 4273 364 4343 conspiratam
390 4270 545 4326 daemonum
569 4266 695 4321 uirtutem
716 4276 843 4321 corusca·
892 4268 930 4315 rat
942 4258 1093 4315 uanitatem.
1105 4258 1217 4315 tantus
1227 4258 1284 4316 oris
1292 4264 1322 4315 ει
1330 4257 1370 4332 (a)
1383 4257 1564 4317 contemmis
1573 4259 1624 4316 iuit
1634 4261 1693 4332 illa,

45 4368 116 4424 ponis
130 4368 197 4425 1⁰00
212 4367 250 4439 (ι)
264 4366 406 4437 dispergit,
892 4365 945 4423 qua
959 4350 1063 4407 dictum
1075 4358 1139 4407 est:
1156 4348 1215 4406 Not
1227 4364 1283 4411 nan
1293 4349 1416 4405 babemus
1427 4366 1522 4421 repon,
1538 4352 1591 4408 niti
1605 4352 1692 4409 deeo-

71 4462 118 4517 15.
145 4460 283 4517 Fideiittan
303 4458 423 4514 doctrina
441 4473 458 4511 o
472 4472 551 4527 repca
575 4469 622 4509 tao
637 4450 844 4507 dominata-
892 4462 946 4503 dem
960 4443 1139 4518 (1⁰⁰⁸ch
1152 4442 1323 4518 ¹5)·R080¹¹¹
1343 4444 1416 4499 ‘inim
1426 4444 1530 4518 wll»
1543 4444 1572 4501 id
1586 4455 1695 4511 0⁸⁸1·-

44 4556 149 4626 tagittae
179 4554 261 4610 etiam
285 4554 393 4609 arcissae
412 4548 612 4608 conturbabunt
632 4562 690 4603 eos.
723 4545 845 4602 llemiuit
893 4537 997 4607 nitatis,
1015 4536 1130 4608 populus
1151 4535 1179 4592 in
1194 4551 1308 4608 imnum
1321 4542 1454 4593 aurnum
1473 4536 1577 4593 electus
1599 4536 1691 4612 clepit.

44 4650 133 4706 sadern
148 4660 261 4721 quoque
272 4645 414 4718 propbetia
429 4651 458 4700 et
474 4644 534 4699 loeo
548 4640 602 4697 alio
617 4639 712 4695 barum
734 4637 883 4709 sagitta-1)
896 4632 1047 4689 Eideatern
1063 4645 1154 4687 mrum
1164 4630 1269 4685 demere
1289 4628 1439 4699 iniquitatis.
1462 4624 1556 4699 iniqua
1580 4627 1693 4685 dextera

47 4758 93 4799 um
111 4760 118 4799 :
138 4740 265 4813 Sagittae,
281 4739 378 4811 inquit,
398 4736 573 4809 parvulorum
587 4731 666 4789 iactae
678 4737 742 4788 sunt
755 4728 841 4801 plagae
894 4734 947 4790 εει,
962 4738 1024 4783 cum
1037 4722 1135 4794 palmis
1147 4722 1236 4792 eredit,
1254 4736 1316 4778 cum
1330 4720 1414 4793 uirgis
1434 4719 1529 4789 aaut,
1542 4734 1605 4777 cunt
1618 4722 1693 4779 cala·

70 4884 112 4957 (a)
130 4882 272 4939 Particula
284 4894 341 4935 cant
356 4876 401 4933 hic
412 4892 464 4932 non
476 4872 684 4947 cnnjrrnctionis,
699 4877 729 4924 ut
739 4870 767 4925 in
786 4867 846 4952 vul·
897 4873 972 4937 putat
983 4865 1100 4951 Hilarius
1111 4862 1290 4950 demonstrari
1304 4862 1458 4920 inchoatam
1469 4863 1621 4949 daemonum
1634 4876 1693 4933 pm-

45 4959 104 5012 ntis
121 4952 341 5025 exprimebatur,
363 4948 411 5003 sed
433 4946 630 5018 praepositionis
658 4941 741 4997 babet
761 4946 844 4995 ratio-
897 4952 970 5005 nam,
986 4952 1039 5009 qua
1055 4946 1163 4993 anteum
1185 4936 1303 5005 legitima
1325 4948 1419 4991 eorum
1433 4935 1690 5007 ulttepraeparatur.

44 5044 110 5093 iem,
124 5024 208 5097 quasi
229 5040 283 5078 uno
299 5036 358 5077 cum
379 5019 479 5075 Christo
492 5016 670 5083 descendente,
688 5026 767 5069 secus
779 5024 844 5067 sero
895 5008 1186 5093 funsua'eaima'nterim
1195 5004 1281 5061 orsam
1289 5004 1690 5079 aliquandoipnt'aproparotar,

44 5100 184 5169 loinceps.
576 5102 580 5111 ’
894 5089 981 5151 tuqutt
995 5097 1022 5135 rn
1036 5093 1078 5150 ps.
1095 5094 1167 5144 tntu,
1181 5094 1208 5131 n.
1223 5076 1250 5132 9.

69 5172 111 5243 (ι)
129 5168 203 5235 Quia
221 5166 349 5223 nimirum
370 5164 408 5218 ita
428 5158 632 5217 latebatiorma
646 5154 748 5240 [reiut
759 5152 844 5239 oculis
932 5152 972 5221 (d)
983 5150 1014 5206 ln
1035 5164 1088 5233 ms.
1101 5157 1244 5233 coruscare·
1257 5148 1453 5232 sarmatiaca:
1468 5146 1581 5231 quodad
1596 5144 1689 5231 libris-

47 5238 201 5295 urnalibus
216 5252 268 5292 non
279 5241 422 5307 appruerat
431 5232 483 5287 nisi
494 5230 579 5286 lorma
589 5242 670 5284 servs.
684 5224 752 5281 llrne
765 5222 844 5280 rutel·
895 5221 1152 5290 tumreierrtqueat,
1162 5218 1344 5274 bacntmrrum
1353 5220 1544 5290 intelligentia:
1553 5215 1692 5301 Quimodo

44 5316 125 5383 igere
137 5316 186 5365 est
198 5306 334 5379 quomodo
350 5302 472 5374 pluribus
489 5304 515 5357 in
537 5301 604 5356 locis
618 5296 742 5353 Christus
757 5295 842 5365 gloria
896 5292 987 5349 lumen
1012 5291 1194 5363 apostolorum
1215 5304 1268 5345 non
1284 5287 1393 5355 lerunt,
1413 5298 1515 5361 quanto
1528 5302 1614 5359 mapsa
1627 5297 1692 5344 tuoe

49 5391 174 5441 ortatus.
191 5380 265 5435 salta
276 5377 365 5433 earnis
380 5372 541 5441 substantia,
554 5369 716 5443 praedicetut·
731 5376 804 5422 totus
815 5366 842 5419 in
883 5360 1007 5431 Christi,
1020 5377 1081 5419 curn
1095 5360 1235 5443 apparebit
1247 5360 1317 5417 sicut
1330 5359 1438 5429 iulgurl
1657 5428 1664 5439 ι

44 5468 125 5511 orma
145 5450 208 5506 Dei.
934 5432 969 5505 (e)
986 5432 1015 5489 lu
1026 5432 1152 5503 vulgatus,
1165 5431 1301 5503 dasperpet.
1312 5430 1485 5486 Praelerimus
1497 5443 1558 5485 cuno
1571 5443 1623 5485 ms.
1637 5428 1693 5482 alts-

67 5524 109 5598 (e)
126 5522 274 5579 Postrema
286 5519 368 5575 editio
381 5518 442 5572 Par.
455 5514 580 5585 praetulit,
594 5509 665 5583 quod
675 5508 745 5581 apud
760 5505 838 5590 liud,
897 5506 991 5578 perpdt,
1013 5504 1075 5576 quta
1090 5512 1186 5586 'sermo
1208 5509 1250 5558 eat
1263 5502 1297 5586 de
1310 5515 1344 5557 eo
1362 5499 1433 5571 quod
1454 5513 1526 5558 nunu
1542 5500 1590 5569 iit,
1605 5498 1692 5554 donec
1760 5510 1764 5517 ·

44 5600 82 5652 ir.
98 5604 129 5650 et
145 5592 237 5661 lipsa
254 5608 312 5646 eam
322 5599 405 5644 tannen
415 5586 443 5641 id
457 5587 525 5657 punct
535 5587 726 5652 samaturotur,
738 5576 838 5642 dende,
861 5620 863 5627 .
892 5576 1020 5633 succedat
1032 5574 1133 5630 carran
1147 5581 1307 5628 coruscatio.

47 5678 88 5722 tc.
114 5663 208 5720 Nobis
228 5661 313 5731 magis
331 5658 461 5731 probatur
483 5658 564 5711 lectio
579 5670 630 5709 ms.
650 5650 703 5707 huc
716 5660 840 5714 censura
930 5647 965 5719 (s)
978 5644 1044 5701 Cum
1057 5644 1174 5702 uidelicet
1185 5644 1311 5699 adsolant
1322 5658 1362 5697 tet
1374 5641 1541 5697 abolitionem
1565 5608 1691 5713 omnent

44 5750 133 5794 umus
147 5734 266 5789 ustionis
279 5730 358 5787 index
370 5731 415 5785 sit.
427 5727 594 5793 Quiaautem
606 5724 746 5795 igniacum
764 5732 842 5789 para·
894 5720 978 5773 anama
995 5718 1153 5789 deierantur,
1165 5724 1194 5769 ut
1208 5714 1289 5770 babet
1298 5719 1376 5766 tract.
1393 5712 1589 5781 ps.su1r,n.d.

44 5824 91 5877 iar,
109 5806 201 5864 etiam
215 5804 299 5858 lumat
310 5806 373 5857 anto
385 5812 465 5871 quam
480 5795 590 5862 ardeat3
602 5794 654 5850 bac
667 5786 842 5869 similitudine
930 5788 970 5861 (p)
984 5786 1022 5843 lta
1038 5802 1089 5845 ins.
1100 5784 1130 5841 ln
1143 5784 1259 5857 vulgatis
1272 5789 1372 5849 autam,
1385 5783 1555 5855 confuderis
