4042 6342
115 337 175 396 its
562 340 609 399 ttx
628 339 738 399 iustus
754 339 962 400 eutissttttltt
976 341 1128 402 scultetis
1146 343 1336 404 cultuum.
1731 353 1784 410 ttd

114 454 252 513 ductores
274 457 460 530 simplicium,
480 466 507 514 et
527 460 643 530 quadam
664 459 811 530 impietatis
833 459 927 515 solun·
939 459 965 522 Α
978 458 1101 518 etbnicos
1123 463 1335 536 publicanosque
1354 464 1497 538 jussisset,
1520 467 1571 524 sibi
1583 483 1692 542 qunque
1711 471 1784 540 apud

114 555 174 604 tate
190 550 218 604 iu
239 549 339 608 ltmresi
354 551 502 610 obstinatos
519 553 684 609 advertebat.
702 553 836 610 intertium
848 555 927 621 arira,
979 568 1029 610 eos
1040 555 1181 612 tacendum
1195 560 1345 624 constituit,
1362 561 1462 616 nullam
1476 560 1606 635 deinceps
1620 564 1671 620 uisi
1686 580 1719 621 ex
1733 565 1785 620 im·

115 639 219 710 inquit,
235 643 413 716 indulgentem
428 646 614 718 offidotuurque
627 663 690 712 erte,
705 665 757 702 unu
771 651 881 720 perfecte
891 657 928 702 ert
981 649 1090 718 pollutae
1099 654 1273 710 conscientiae
1287 655 1443 711 testimonio
1457 661 1602 726 quaeritans
1616 659 1783 717 consolatio·

114 733 261 792 alteritatis
279 737 378 808 (iliter.
396 739 440 794 tri.
454 755 483 796 tx
505 738 636 810 ceretu,
657 755 684 796 n.
700 736 758 812 25).
783 739 842 811 lpse
862 753 928 794 uere
980 758 1053 797 rtem.
1072 743 1131 800 »tc
1147 746 1215 814 brec,
1229 764 1300 804 anno
1311 749 1375 814 557,
1389 751 1513 807 ιιιιιιιιιιιι
1520 752 1544 807 ei
1553 751 1656 810 doloris
1667 756 1783 812 accessit

114 844 181 884 cum
198 829 266 887 bdei
288 834 468 904 integritatem
484 833 603 906 perlecto
617 845 730 900 attentet,
746 833 780 891 dc
795 835 827 889 iis
843 833 926 905 loqui,
980 833 1063 907 (ibid.
1075 854 1101 891 u.
1114 837 1156 909 2),
1169 855 1230 894 cmn
1243 842 1351 897 rescivit
1361 841 1416 899 Osii
1428 843 1612 902 Cordubensis
1619 847 1734 914 lapsum,
1751 861 1784 902 ac

115 922 163 992 qui
189 921 320 980 lueresim
340 925 464 981 omuibus
486 927 564 981 malis
584 925 687 982 artibus
709 925 927 998 propugnabant,
979 929 1783 1010 blasptrerntamsimriterlitarn:orrdolrarcstspubttoaooe-

115 1027 174 1070 nou
190 1014 256 1072 siue
271 1015 384 1073 borroru
402 1017 497 1089 potuit.
509 1020 545 1075 tt
556 1033 620 1090 erga
630 1026 755 1086 caeteros,
771 1033 840 1090 quos
853 1019 929 1088 iguo·
980 1023 1088 1080 toritate
1109 1040 1297 1098 prorumpens,
1310 1027 1365 1098 jam
1383 1029 1466 1086 ueluti
1482 1031 1575 1086 uictrix
1592 1032 1679 1101 palam
1699 1032 1783 1103 proti·

115 1111 208 1164 santia
226 1111 254 1166 iu
270 1125 365 1168 errore
378 1111 517 1170 detinebat
543 1112 598 1187 (tit.
614 1129 649 1174 ιι,
667 1131 693 1170 u.
709 1113 727 1168 2
741 1122 764 1168 et
778 1111 834 1180 lb),
848 1113 929 1171 mise·
980 1118 1209 1192 tericoepit,quod
1224 1133 1303 1179 autea
1319 1124 1408 1180 lttrtim
1420 1133 1448 1180 et
1458 1125 1484 1180 itt
1494 1126 1598 1196 angulis
1608 1126 1779 1182 mussitabat.

114 1201 238 1258 ricordia
267 1206 355 1273 potius
389 1221 469 1276 quam
494 1206 547 1262 ulla
584 1207 769 1280 indignatione
790 1206 928 1277 allectus,
1016 1214 1063 1270 lb.
1091 1213 1222 1280 Quuuttuu
1241 1227 1368 1271 recreetur
1392 1233 1424 1273 ea
1447 1217 1615 1290 [castioribus
1638 1216 1785 1274 Galliarum

114 1297 193 1354 amni
211 1315 266 1369 qut
281 1301 368 1371 putuit
388 1302 493 1359 ratione
507 1304 548 1358 cis
562 1317 724 1360 succurrere
736 1311 849 1359 conatus
861 1313 927 1362 est:
980 1310 1087 1364 nuntiis.
1104 1341 1140 1351 -
1161 1309 1259 1366 Verum
1280 1310 1365 1380 Deus,
1383 1312 1430 1382 qui
1445 1327 1540 1370 sertus
1556 1328 1621 1370 suos
1640 1314 1786 1384 aliquando

114 1397 143 1444 et
158 1405 216 1462 quo
230 1393 316 1464 magis
330 1407 378 1450 eos
391 1395 426 1448 ud
438 1395 642 1452 enunciationem
657 1397 782 1467 praelim
796 1398 926 1470 sperarit,
979 1400 1091 1472 probat,
1110 1416 1248 1473 nunquam
1269 1412 1358 1459 tamen
1381 1404 1482 1460 diutius
1503 1406 1576 1461 omni
1600 1407 1788 1464 consolatione

115 1497 150 1538 eu
172 1484 261 1540 etiam
277 1487 455 1560 propensiore
468 1503 533 1544 curt
547 1489 580 1545 ad
594 1489 752 1559 explicanda
768 1489 808 1546 eis
822 1490 928 1561 planius
979 1491 1118 1559 destituit,
1147 1493 1217 1549 baud
1250 1494 1356 1551 modice
1388 1497 1519 1552 recrearit
1545 1497 1694 1565 llilarium,
1722 1515 1784 1553 ‹um

115 1575 182 1632 lldci
200 1587 304 1634 nostre
318 1581 444 1654 mysteria
469 1581 598 1639 incubuit.
614 1581 670 1638 lma
689 1597 752 1656 erga
766 1598 862 1640 omncs
891 1599 926 1642 eo
979 1599 1052 1642 anuo
1066 1582 1119 1641 558
1136 1585 1248 1643 incunte
1263 1586 1297 1642 ab
1310 1587 1444 1658 episcopis
1459 1586 1606 1645 Galliarum
1626 1600 1707 1663 atque
1727 1591 1786 1646 ilri-

116 1669 167 1726 lnit
181 1671 353 1740 moderatus,
373 1673 445 1746 quod
461 1674 584 1732 odiosum
604 1684 686 1733 secte
701 1678 810 1736 Arianae
828 1693 927 1734 nemen
982 1679 1136 1735 banniarum
1159 1680 1278 1750 acceptis
1295 1679 1404 1748 litteris,
1420 1679 1514 1737 didicit
1532 1697 1590 1748 eos,
1613 1693 1709 1756 negata
1733 1683 1786 1739 buc

118 1771 178 1820 tota
190 1778 280 1834 attere
294 1780 344 1822 stra
354 1767 469 1824 sttaott.
979 1787 1064 1845 usque
1086 1771 1232 1828 Saturnino
1253 1773 1466 1833 commuuione.
1488 1774 1538 1846 ipsi
1561 1775 1613 1831 ilde
1636 1792 1667 1832 ac
1689 1778 1787 1849 spiritu

154 1857 202 1914 tl.
219 1857 329 1914 Librum
341 1858 392 1918 dal
405 1871 519 1920 aruerat.
530 1863 648 1919 -lttter
663 1863 766 1921 lructus
785 1862 857 1920 exilii
886 1861 914 1935 ip
941 1863 965 1926 Β
978 1865 1133 1930 cotrrerere;
1146 1880 1233 1936 neque
1246 1866 1333 1922 solum
1348 1880 1402 1921 tren
1417 1867 1532 1923 ees-isse
1543 1867 1679 1923 Saturnini
1693 1869 1781 1936 mirsia,

117 1951 175 2008 aius
191 1967 338 2010 recensere
353 1952 417 2012 licet
431 1955 553 2012 laudatas
568 1958 603 2012 ab
617 1956 736 2027 antiquio
752 1956 823 2013 illius
837 1958 863 2012 in
878 1956 930 2013 tob
980 1957 1162 2029 potestatibus,
1178 1958 1270 2025 bellis,
1284 1959 1373 2016 sedet
1387 1959 1785 2032 nissamesmuienstopptdo

119 2043 337 2101 lucubrationes.
352 2047 417 2102 Nam
430 2049 552 2116 quamtis
571 2063 749 2121 quacumque
761 2050 931 2122 sacriapagi·
981 2051 1100 2109 intdelts
1116 2051 1176 2108 bdel
1198 2051 1366 2124 impietatem
1388 2054 1542 2111 damnasse.
1566 2053 1672 2122 Quanta
1691 2070 1724 2110 ex
1746 2055 1788 2110 bis

120 2138 163 2194 tris
185 2140 290 2210 scripta
314 2151 386 2206 sunt,
407 2141 440 2196 ad
456 2155 577 2199 nostram
596 2143 808 2200 consolationem
830 2145 931 2215 scripta
983 2144 1083 2201 nuntiis
1098 2146 1192 2204 letitia
1205 2147 1330 2218 pertusus
1344 2149 1394 2213 sit,
1413 2147 1490 2204 testis
1510 2147 1651 2218 suipsius
1671 2147 1740 2202 liber
1754 2147 1789 2202 dc

122 2234 191 2302 tint;
203 2235 296 2306 aptior
310 2247 398 2294 tamen
414 2249 455 2294 cst
471 2237 532 2295 libri
547 2238 628 2310 hujus
642 2239 782 2296 meditatio
795 2239 829 2295 ad
843 2239 932 2296 leren-
982 2239 1111 2312 synodis,
1123 2240 1151 2296 in
1165 2255 1219 2312 quo
1235 2254 1296 2296 eum
1311 2240 1411 2313 passim
1422 2256 1453 2297 se
1469 2241 1584 2313 prodant
1597 2241 1681 2296 animi
1694 2249 1790 2298 saneta

123 2327 173 2382 tlos
204 2327 281 2386 exilii
301 2327 419 2397 labores,
436 2331 511 2388 etad
526 2333 705 2388 constantiam
721 2331 793 2388 illam
808 2331 933 2390 obtineu-
982 2331 1100 2388 lutautis
1113 2332 1344 2392 velteuteutisslmi
1358 2333 1481 2402 allectus,
1495 2350 1568 2405 stupe
1582 2343 1671 2390 utntcn
1685 2335 1711 2390 ei
1726 2348 1790 2388 arr·

125 2418 198 2486 dant,
211 2437 266 2492 qua
281 2421 352 2478 inter
365 2425 467 2479 arisai
482 2427 611 2495 praesules
622 2427 739 2482 maxime
752 2425 859 2483 cultuit.
984 2425 1019 2482 ba
1039 2426 1164 2482 ridentur
1185 2425 1298 2492 deesse,
1322 2427 1420 2498 quibus
1434 2426 1561 2498 gaudium
1580 2442 1629 2497 pro
1642 2441 1724 2483 seusu
1739 2441 1791 2482 suo

161 2513 206 2568 lb'.
223 2512 330 2580 Oaateta
349 2517 509 2588 patieturne
522 2518 590 2574 tristi
603 2515 932 2588 diocletianae-lam
986 2527 1111 2576 testetur.
1127 2516 1261 2574 Gaudium
1281 2518 1335 2574 boc
1351 2518 1475 2575 nonuibil
1487 2517 1675 2586 temperabant
1691 2519 1790 2585 mitrae,

131 2619 163 2662 es
176 2607 327 2677 qnubrtttae
349 2607 410 2664 vitre
432 2623 508 2681 spem
530 2613 673 2683 concepit,
701 2611 811 2684 propria
832 2613 935 2668 iucem·
986 2617 1135 2678 potestates
1157 2626 1189 2667 au
1213 2609 1294 2678 bella,
1314 2609 1412 2680 qulbus
1433 2608 1608 2667 Saturninum
1632 2609 1720 2666 adbuc
1744 2626 1792 2682 per

135 2699 209 2753 ruodo
223 2701 293 2758 nulla
311 2713 438 2772 reputare
452 2703 594 2772 didicerat,
605 2713 681 2762 certo
691 2707 780 2762 sciens
793 2708 935 2778 praesumis
986 2703 1088 2760 Gallias
1098 2705 1213 2775 grassari
1227 2702 1361 2760 audiebat.
1375 2703 1410 2759 lis
1419 2711 1510 2759 tattteu
1521 2703 1610 2759 miuus
1620 2705 1790 2768 merebatur,

132 2793 190 2846 ritae
209 2795 339 2850 aerumnis
357 2795 390 2850 ad
404 2810 436 2852 ea
460 2799 582 2867 peruenit
602 2797 691 2866 bona,
713 2814 827 2871 qnorum
842 2815 936 2858 amore
986 2796 1203 2867 quibuslortiter
1222 2810 1238 2850 a
1260 2797 1386 2852 iratribus
1401 2794 1458 2850 suis
1473 2795 1561 2852 resisti
1575 2795 1677 2851 certior
1693 2794 1786 2850 liebat.

130 2885 273 2956 aagnrbrtr
303 2888 383 2960 idque
402 2905 492 2948 rerum
508 2893 682 2963 praesentium
699 2893 866 2950 tolerantiam
885 2895 937 2949 irn-
988 2888 1047 2946 Non
1063 2889 1135 2944 enirn
1149 2896 1204 2944 tam
1228 2888 1335 2958 lugendi
1356 2903 1436 2960 quarn
1457 2887 1609 2959 gratulandi
1627 2901 1715 2942 causae
1729 2896 1794 2942 sunt

130 2979 302 3036 mortalrtatis
317 2983 456 3049 promtam
472 2986 660 3056 expetentibus
677 3002 749 3050 esse,
760 2989 832 3059 quoti
843 2989 934 3060 pueri·
988 2984 1166 3050 calamitates,
1185 2999 1246 3056 quae
1260 2986 1359 3040 virtute
1373 2983 1559 3054 suscipiuntur
1571 2998 1603 3038 ae
1618 2990 1790 3053 superantur.

131 3071 173 3126 tite
187 3072 364 3130 iulormandte
381 3075 485 3132 litteras
499 3077 570 3148 quad
585 3079 664 3150 agris
678 3079 850 3146 medicinam,
865 3079 936 3151 qued
989 3079 1027 3135 Et
1040 3094 1121 3149 porro
1133 3076 1273 3134 Satttntini
1288 3077 1357 3133 bella
1372 3087 1427 3134 tutu
1444 3077 1566 3148 proxime
1580 3084 1642 3148 pust
1655 3077 1793 3133 Biterren-

129 3165 266 3239 uattlrttgis
285 3179 416 3231 natatum.
433 3169 504 3241 quod
520 3170 736 3226 adulescentibus
749 3171 936 3244 disciplinam,
990 3189 1021 3230 se
1036 3173 1181 3229 concilium
1200 3174 1349 3230 intentata.
1373 3183 1428 3225 tunt
1445 3184 1517 3226 antro
1536 3169 1688 3240 insequenti
1704 3168 1795 3224 denuo

129 3258 199 3327 qood
222 3258 347 3315 militiam
365 3260 546 3333 intpetaturis.
562 3263 597 3318 Δι
613 3273 714 3335 quanto
725 3264 819 3321 dolore
832 3265 936 3321 eructa·
952 3257 975 3322 C
991 3268 1106 3325 excitata
1120 3281 1181 3322 csse
1198 3265 1275 3320 raltle
1292 3263 1430 3335 probabile
1450 3272 1512 3319 est:
1529 3264 1646 3334 primum
1666 3263 1794 3332 quidem,

130 3350 218 3419 batur,
229 3369 293 3410 curn
303 3370 369 3426 quas
382 3356 481 3426 ubique
489 3359 582 3414 ederet
594 3357 705 3414 haeresis
716 3360 938 3430 ariarrasrrnres,
990 3369 1019 3417 nt
1033 3360 1079 3434 qul
1095 3359 1197 3416 llilariu
1209 3367 1321 3414 auctore
1329 3357 1546 3412 commuttionem
1554 3356 1603 3427 ipsi
1618 3362 1793 3427 negaverant,

130 3461 173 3504 aut
184 3448 344 3504 intuebatur
354 3449 422 3522 ipse.
433 3459 479 3508 aut
490 3467 523 3508 ex
539 3453 599 3508 aliis
614 3453 850 3522 audiebattorram
865 3468 938 3524 saepe
990 3468 1050 3510 eam
1067 3453 1113 3508 illo
1125 3449 1251 3508 submotu
1270 3449 1431 3516 redderent;
1449 3457 1541 3519 postea
1555 3455 1655 3516 autom,
1671 3446 1794 3502 tumissa

130 3539 292 3607 detitrcum
306 3559 399 3599 earum
410 3547 559 3616 regionum,
569 3546 596 3601 in
607 3547 704 3617 quibus
719 3547 854 3614 exulabat,
881 3557 938 3604 sta·
991 3544 1159 3602 eSirruiensi
1174 3542 1275 3615 oppido
1285 3539 1348 3598 bdei
1360 3542 1473 3599 damula
1488 3543 1523 3598 ab
1534 3540 1660 3597 orantum
1672 3539 1795 3608 suscipe-

130 3641 186 3690 tuur
198 3636 621 3705 coutemplabatttritarainerum,
632 3639 708 3695 uttel
721 3639 939 3711 interepuoopos
992 3648 1077 3695 retur.
1096 3637 1156 3694 Alia
1174 3645 1303 3708 praterea
1318 3635 1344 3691 el
1358 3635 1409 3691 luit
1423 3633 1580 3691 nominatim
1596 3633 1623 3688 in
1644 3631 1795 3688 Ecclesiam

131 3727 174 3782 rit
185 3738 353 3794 occurreret,
365 3731 483 3800 quivere
496 3731 577 3786 beuta
589 3740 774 3802 cognosceret,
786 3741 812 3789 et
825 3733 938 3790 sincerae
991 3733 1156 3790 Trrlmauarn
1177 3730 1307 3787 sariendi
1325 3729 1452 3787 occasio:
1468 3737 1500 3786 ut
1518 3744 1580 3786 cum
1601 3735 1710 3784 sanctus
1725 3727 1798 3782 illins

132 3818 194 3876 lldei
214 3823 343 3878 nonnulla
357 3824 486 3879 retineret
501 3825 631 3896 vestigiat
643 3823 712 3880 Nam
729 3825 823 3894 utrque
835 3823 938 3892 Elusio,
991 3828 1104 3883 antistes
1129 3825 1268 3882 Godanius
1296 3825 1358 3880 exul
1387 3826 1413 3880 iu
1436 3823 1553 3898 Plrrggia
1571 3827 1653 3880 tltaut
1674 3821 1796 3891 lluisact,

134 3911 231 3986 iuquit,
249 3925 273 3971 et
285 3916 374 3974 anteit
389 3933 447 3972 cunr
462 3934 502 3983 eo,
519 3917 624 3974 Arietate
638 3919 724 3974 decern
737 3920 883 3990 prouinrite,
898 3921 939 3975 iu·
991 3933 1100 3974 munem
1114 3917 1229 3974 mouerit
1250 3915 1376 3988 lapidem.
1391 3932 1445 3988 quo
1458 3915 1574 3972 tetanus
1587 3915 1614 3972 in
1625 3913 1684 3985 ejus
1703 3913 1796 3992 sedern

134 4018 173 4063 tra
185 4027 252 4078 quus
264 4011 391 4080 consiste,
405 4011 555 4068 aerellemtr
570 4013 684 4068 uetciaut
700 4013 758 4082 (lib.
775 4013 937 4085 desperem,
992 4009 1190 4066 intruderetur.
1204 4007 1296 4080 Neque
1316 4007 1393 4063 deest
1411 4007 1577 4077 conjectura,
1596 4005 1630 4059 ad
1648 4003 1674 4060 id
1691 4014 1799 4074 ternpus

133 4119 160 4157 n.
183 4103 230 4169 tta,
258 4103 334 4169 ibid..
360 4121 387 4159 n.
408 4104 447 4175 ll.
471 4105 629 4162 trrrietates
651 4105 721 4160 lrautl
750 4121 843 4175 parum
866 4107 940 4162 auxit
991 4103 1163 4162 tolerandam
1180 4117 1242 4159 esse
1259 4102 1486 4172 persecutionem,
1506 4115 1574 4171 qua,
1591 4097 1694 4154 llilario
1707 4107 1794 4160 teste.

135 4210 271 4253 summum
286 4197 424 4254 Gallorum
443 4199 598 4265 silentium,
612 4199 733 4270 quamtis
749 4199 781 4254 iis
796 4201 860 4267 qnid
877 4214 938 4256 cum
990 4197 1098 4254 'l'olosxe
1112 4197 1198 4253 clerici
1207 4195 1317 4268 [uatibus
1328 4195 1403 4259 emal,
1415 4193 1535 4248 diacones
1544 4187 1651 4264 planto
1659 4188 1728 4255 elisi,
1738 4196 1763 4244 et
1771 4188 1799 4246 iu

135 4289 256 4348 Orientis
268 4291 401 4362 episeopis
417 4291 477 4347 ttdoi
491 4293 626 4362 studiique
639 4301 722 4357 esset,
738 4290 894 4360 frequenter
905 4290 940 4346 de
991 4291 1076 4364 ipsum
1091 4287 1221 4345 Cbriatsnt
1231 4304 1323 4343 retortu
1335 4286 1421 4340 nitrea
1434 4284 1446 4356 (
1457 4283 1502 4339 tii.
1513 4283 1541 4338 in
1551 4281 1686 4338 comtum
1699 4298 1727 4337 tr.
1740 4282 1796 4351 ll).

135 4383 260 4454 plurimis
278 4382 459 4442 llontanarunt
485 4385 682 4455 provinciarum
705 4383 817 4440 urbibus
839 4381 940 4454 signill·
992 4379 1035 4438 Ex
1046 4396 1140 4437 earum
1155 4379 1299 4436 occasione
1313 4379 1483 4442 litterarum,
1496 4373 1595 4446 quibus
1614 4383 1643 4430 et
1656 4373 1691 4430 de
1703 4371 1801 4430 Satur·

136 4490 235 4534 cassel.
252 4476 320 4535 'lunt
334 4481 432 4545 vereri,
447 4495 479 4534 ne
490 4481 517 4536 in
528 4491 598 4536 tauto
608 4487 699 4534 aetam
713 4479 829 4548 plurium
842 4480 942 4550 episco-
993 4474 1048 4532 nini
1066 4473 1203 4538 violentia,
1219 4482 1246 4527 ct
1256 4470 1291 4527 tle
1301 4468 1439 4533 Gallorum
1453 4469 1480 4525 in
1503 4464 1643 4524 retinenda
1660 4465 1713 4523 ilde
1733 4483 1801 4522 con·

138 4589 230 4643 perant
244 4574 402 4629 calttntitatte
421 4573 560 4648 inrpietntir
575 4572 702 4639 periculo,
722 4573 883 4628 taciturnitas
897 4587 938 4627 ee·
992 4562 1294 4622 stantiaeertlorlaetus
1305 4569 1348 4618 ιιι
1362 4559 1419 4634 (lib.
1431 4558 1465 4614 tle
1475 4559 1590 4632 synoda
1600 4575 1627 4614 ⁸·
1642 4557 1683 4630 5),
1697 4557 1800 4664 lilsslst·

139 4682 195 4720 ruru
207 4666 240 4722 tie
250 4666 358 4738 pollutae
379 4677 456 4738 utque
475 4668 589 4740 impiatae
601 4666 764 4721 conscientie
776 4675 841 4720 earet
855 4665 944 4734 despe-
957 4659 986 4722 D
997 4670 1095 4719 earum
1115 4659 1238 4716 rtonunlli
1261 4655 1399 4730 episcopi,
1419 4669 1480 4711 sese
1493 4654 1529 4709 ab
1541 4669 1575 4710 eo
1588 4667 1688 4724 cupere
1702 4665 1803 4708 resctre

139 4759 240 4816 rotiana
263 4770 393 4829 susceptu.
416 4758 493 4829 Quod
518 4761 542 4816 ei
568 4768 644 4815 tanto
665 4759 822 4824 luctuosius,
843 4765 945 4828 quauta
1000 4772 1061 4830 quae
1072 4753 1224 4812 orientales
1243 4753 1271 4808 irt
1293 4749 1356 4808 lldei
1381 4748 1596 4823 prolessionibna
1621 4756 1747 4819 gererent
1772 4761 1805 4804 ac

141 4851 256 4910 Galliam
279 4852 418 4908 ardentius
433 4853 588 4920 adamabat,
613 4867 666 4909 non
692 4853 773 4908 modo
787 4862 816 4908 ut
831 4851 945 4922 patriam
999 4851 1165 4922 gessissent,
1182 4857 1208 4904 et
1224 4846 1289 4919 quid
1307 4845 1365 4916 ipse
1379 4859 1461 4913 super
1474 4843 1600 4898 aturribus
1613 4855 1709 4897 eorum
1723 4839 1804 4895 dictis

140 4947 338 5015 eltarissimam,
347 4945 395 5002 sed
407 4958 434 5002 ut
448 4947 575 5002 selectam
589 4943 754 5002 baereditatis
768 4942 867 5002 Christi
883 4959 947 5016 por·
1000 4943 1124 4999 sentiret.
1136 4940 1190 4996 Nec
1203 4938 1270 5005 alio,
1285 4939 1323 4994 uti
1339 4935 1456 5003 ridetur,
1468 4943 1591 5006 tempore
1603 4931 1637 4990 arl
1652 4948 1715 4990 eum
1729 4931 1805 4987 dela·

144 5042 263 5107 tionem,
277 5057 338 5114 qum.
351 5041 481 5098 baetems
495 5055 579 5114 prope
592 5041 681 5098 omnis
695 5041 729 5096 ab
744 5039 856 5097 baeresls
868 5040 948 5095 tlria-
1001 5049 1028 5094 ta
1049 5049 1091 5094 est
1104 5036 1185 5094 abra
1205 5033 1372 5092 charissimae
1398 5029 1460 5086 llliae
1474 5029 1599 5102 epistola,
1613 5043 1666 5101 qua
1685 5043 1717 5084 se
1734 5027 1806 5083 tniro

144 5150 184 5190 nm
204 5135 365 5206 contagione
380 5135 589 5190 incontaminata
609 5139 805 5206 permanserat.
826 5131 886 5190 Stat
907 5137 949 5188 ta·
999 5133 1220 5195 illiusdesiderio
1233 5132 1319 5190 teneri
1334 5127 1485 5187 nuntiabat.

144 5243 205 5285 mon
220 5229 247 5286 in
263 5229 316 5286 lltle
329 5243 379 5286 stra
393 5228 533 5296 immotus,
546 5238 574 5285 et
589 5226 714 5284 omnibus
728 5228 790 5284 licet
802 5228 836 5283 ab
850 5241 882 5283 ea
895 5225 949 5282 dis·
1036 5227 1083 5283 li.
1108 5224 1245 5284 Goatiuuo
1265 5241 1314 5299 per
1338 5223 1493 5291 Orientem,
1512 5219 1616 5278 llilario
1635 5215 1705 5272 baud
1725 5213 1808 5272 dublo

145 5321 320 5389 cedentibus,
344 5323 403 5394 ipse
428 5336 463 5378 ne
487 5320 583 5378 lexiter
611 5320 719 5392 quidem
747 5329 832 5376 nutat.
855 5317 949 5390 Neque
1000 5330 1130 5378 monente
1141 5329 1169 5376 et
1181 5320 1336 5390 instigante,
1344 5317 1484 5376 Gallorum
1497 5311 1700 5388 imperturbatae
1713 5309 1806 5364 incort-

146 5413 226 5471 etinm
240 5415 279 5470 ira
301 5415 430 5486 precipiti
447 5415 474 5470 itt
493 5413 606 5484 gentiles
625 5427 690 5470 suos
702 5411 864 5480 ellerrescit,
879 5426 949 5484 quot
1001 5427 1144 5483 cussaeque
1158 5411 1221 5469 ddei
1240 5410 1312 5468 latua
1331 5407 1496 5482 percrebuit,
1511 5400 1709 5504 eorumquetin
1731 5396 1808 5502 datu·

147 5514 174 5560 et
197 5508 350 5579 suspicatur
370 5507 473 5578 lapsos,
492 5516 520 5562 et
538 5522 554 5562 a
569 5521 599 5563 se
618 5507 774 5578 irequettter
796 5505 949 5563 admonitos
1003 5504 1103 5564 randis
1115 5503 1252 5561 hereticis
1265 5502 1384 5560 studium
1397 5498 1529 5571 qttosdam
1543 5490 1722 5596 Orientaltum
1749 5503 1810 5596 ept-

148 5610 222 5657 certo
234 5600 285 5658 scit
299 5615 331 5656 ex
352 5597 502 5672 ignorantia
515 5599 569 5656 labi
589 5615 641 5656 non
655 5597 785 5670 potuisse.
800 5616 810 5651 r
825 5595 877 5654 Sed
892 5611 950 5654 nte·
1003 5611 1149 5669 scaporum
1163 5597 1289 5669 serojam
1301 5595 1335 5651 ad
1346 5595 1462 5664 aliquem
1474 5589 1604 5662 pudorem
1617 5591 1725 5686 autrum
1734 5598 1812 5638 exm-

150 5710 209 5751 tuor
229 5695 372 5752 domiulcae
395 5693 556 5758 sententiar,
579 5709 631 5765 qua
654 5703 712 5764 post
734 5694 846 5763 primatu
870 5701 950 5762 atque
1003 5691 1040 5749 tle
1055 5690 1190 5746 ltaereseos
1208 5696 1348 5758 auctaque
1367 5681 1524 5742 commorit.
1546 5679 1578 5736 lli
1590 5673 1701 5741 mma&
1715 5689 1810 5778 {⁰⁹⁰¹ss

151 5785 272 5845 iteratam
295 5787 502 5844 contentionem
522 5800 584 5853 eos,
601 5785 646 5854 qui
668 5784 749 5840 etium
764 5782 815 5840 sub
830 5783 952 5840 testimo·
1006 5781 1160 5838 maturitate
1173 5777 1277 5837 incitati
1288 5777 1369 5849 paolo
1383 5771 1552 5828 antelestum
1562 5765 1732 5824 Pacltmanm
1746 5765 1812 5836 aet,

152 5883 197 5938 uio
218 5881 348 5938 Ecclesiae
371 5877 557 5938 inobedientes
570 5879 753 5946 exsisterent,
769 5875 862 5934 baberi
882 5875 952 5934 sicut
1007 5876 1156 5947 Aneyram,
1170 5873 1216 5930 ubi
1229 5881 1308 5930 crant
1318 5863 1475 5941 pimeniam
1488 5861 1524 5921 ad
1538 5856 1752 5921 enumerandam
1768 5871 1815 5913 ee·
