4042 6342
288 316 341 380 tie
934 313 1015 376 VlTh
1032 315 1157 378 stricti
1176 315 1305 378 ausuri
1880 324 1927 387 itt

282 434 387 494 celebri
397 433 592 500 controuersia,
607 447 666 506 que
679 433 757 506 longe
769 440 862 506 postea
877 431 995 490 Laertem
1011 435 1082 490 inter
1095 437 1122 498 Λ
1134 433 1286 492 orientales
1307 435 1458 495 solemnem
1471 437 1635 513 hymnorum
1646 446 1759 498 centum
1772 441 1891 516 aliosque
1902 448 1926 503 ia

285 537 313 584 et
322 527 455 584 Hilarium
463 527 643 584 Arelatcurenr
655 527 681 582 in
692 523 910 582 caussCelidenii
919 525 1085 593 intercessit,
1137 527 1322 585 celebratione
1342 531 1532 604 mysteriorum
1548 533 1607 604 pios
1621 529 1687 590 usus
1699 545 1825 606 receptos
1838 553 1927 607 appio

284 620 432 676 corrllatarn
447 634 509 677 esse
528 631 703 675 menstrosam
719 619 791 673 illam
812 619 1016 674 narratiunernl
1031 619 1085 676 Sed
1137 619 1239 688 basset,
1257 621 1320 680 hinc
1345 624 1514 694 postmodum
1541 642 1679 697 resersus,
1702 628 1735 685 ad
1757 629 1926 690 Occidentalis

285 715 328 772 his
343 714 447 772 relictis
470 713 598 770 Hilarium
622 714 648 769 in
670 710 772 770 Gallias
794 711 883 770 dentre
903 719 1086 770 revertentem
1137 711 1265 771 Ecclesiae
1277 715 1347 772 ritus
1359 731 1393 774 es
1408 731 1504 775 eorum
1522 720 1673 779 imitatione
1693 724 1928 795 supeudosautil·

285 821 493 882 prosequemur.
1137 805 1293 864 lustrandas
1305 808 1426 866 animum
1435 811 1575 883 adiecerit.
1588 814 1629 870 lis
1640 815 1736 872 lliiarii
1749 815 1857 891 hymnis
1867 835 1926 876 uon·

321 901 388 958 Car.
401 900 543 959 illitati.
562 898 659 957 Hilarii
671 907 729 958 erte
740 899 838 974 reliqua
851 907 875 958 et
886 917 1008 958 mors-
1017 899 1086 958 Cum
1138 902 1227 959 nulhrs
1239 903 1266 960 in
1280 904 1402 962 Ecclesia
1416 907 1555 965 decantmi
1569 909 1666 966 solitos
1679 910 1765 970 luisse
1777 913 1928 972 traditCon·

285 993 417 1051 llilarium
443 994 544 1066 populo
563 1009 614 1050 sne
643 1010 692 1067 per
715 993 807 1066 plures
830 1007 916 1050 annes
940 993 1086 1051 identidem
1137 997 1229 1054 cilium
1243 997 1404 1057 retectum
1418 1000 1466 1070 ll',
1485 1003 1549 1059 anni
1572 1002 1636 1061 eie.
1657 1004 1693 1061 bt
1715 1019 1783 1063 rere
1799 1021 1861 1063 curn
1875 1018 1930 1066 tum

286 1085 482 1144 subtraxissent
496 1086 601 1144 diuersa
617 1085 746 1144 Ecclesiae
768 1087 891 1156 negotia:
906 1101 1014 1159 aqrrrrm
1028 1095 1088 1143 esst
1137 1092 1268 1164 temperis
1280 1093 1447 1162 elaborasse,
1460 1105 1491 1151 ut
1500 1094 1653 1154 innitentem
1664 1095 1778 1155 eanum
1787 1100 1930 1157 Ammiuen·

285 1188 314 1237 ιιι
332 1181 356 1237 ei
377 1179 485 1236 tandem
497 1178 660 1238 redderetur
673 1197 680 1235 a
694 1179 837 1252 maresuari
853 1179 937 1251 ipsius
950 1194 1089 1236 mereare·
1138 1185 1177 1242 sis
1198 1201 1230 1242 ac
1248 1185 1431 1244 seleuciensis
1443 1189 1541 1262 synodi
1560 1189 1700 1248 historiam
1713 1194 1862 1250 auctiorem
1875 1211 1929 1268 per·

283 1281 328 1330 lur
340 1281 500 1345 conspectu,
516 1275 702 1330 institueretur
714 1271 854 1340 doctrina,
868 1283 896 1328 ct
910 1272 1043 1344 exemplis
1052 1272 1087 1327 ad
1138 1277 1333 1353 latioremque
1357 1282 1499 1350 redderem
1524 1293 1552 1341 pr
1573 1286 1600 1342 p„
1615 1285 1774 1359 porrigendis
1786 1289 1865 1359 mig,
1879 1307 1930 1363 qm

283 1381 375 1424 reram
391 1369 518 1438 pietatem
539 1365 741 1422 inlormaretur.
763 1364 823 1436 lpse
835 1365 917 1421 etiam
933 1374 1042 1436 pacatos
1055 1378 1088 1422 ac
1138 1372 1172 1427 ad
1187 1371 1235 1428 has
1247 1374 1368 1446 spondes
1381 1377 1679 1450 pertinerent,epersm
1689 1378 1800 1438 (ierim
1809 1383 1929 1440 marg.

285 1462 443 1532 tranquiline
456 1462 565 1517 drmum
582 1468 719 1517 mertrcrat
731 1458 808 1528 dics,
824 1459 870 1527 eui
893 1467 947 1514 tarn
969 1458 1016 1515 diu
1031 1466 1089 1515 tur·
1140 1472 1196 1520 turn
1209 1473 1252 1522 est
1264 1481 1297 1523 ex
1308 1471 1453 1538 postremis
1467 1469 1646 1543 Frapnrerrtis.
1664 1475 1706 1529 dn
1718 1475 1802 1531 etiam
1817 1491 1897 1534 senex
1908 1480 1930 1535 iu

283 1553 409 1612 buleutas
424 1553 565 1610 habuerat.
583 1553 616 1608 iit
630 1551 739 1624 dignum
754 1562 823 1618 erait,
839 1562 868 1607 ut
882 1551 1011 1607 extremis
1025 1551 1088 1606 ritae
1139 1557 1251 1614 Cantica
1265 1558 1437 1617 canticorum
1460 1564 1610 1633 scripserit,
1634 1580 1751 1635 querum
1771 1570 1932 1641 expositione

283 1663 340 1706 sure
351 1646 431 1702 arinis
446 1644 581 1702 frueretur
593 1659 671 1716 pace,
686 1660 737 1717 qua
753 1645 837 1716 ipsius
852 1645 1000 1714 praeeram
1014 1645 1089 1701 curis
1140 1653 1216 1708 nrnlti
1228 1663 1321 1723 pestes
1334 1653 1468 1722 (iperium
1481 1657 1540 1713 suis
1548 1659 1706 1716 coronidem
1717 1675 1845 1732 posuere,
1857 1667 1931 1721 imme

283 1741 407 1802 Ecclesia
420 1739 564 1812 gaudebat.
578 1739 750 1810 ltarprecirra
763 1739 843 1794 llrrenr
857 1740 919 1794 anni
934 1737 997 1803 aut,
1011 1738 1087 1794 ltalia
1140 1759 1175 1800 an
1190 1745 1335 1815 aliquande
1346 1750 1497 1818 scripserit,
1511 1751 1571 1822 quis
1590 1751 1727 1810 allirmetl
1736 1769 1801 1811 eppe
1816 1756 1932 1815 imin.

284 1835 438 1900 discedens,
461 1833 584 1890 Pictaros
605 1846 636 1888 sc
659 1834 771 1902 recepit.
796 1833 830 1888 Et
841 1832 964 1903 :praemiis
979 1830 1024 1887 hic
1037 1847 1088 1887 ntis
1103 1837 1222 1906 parionis
1234 1836 1317 1910 hujus
1329 1855 1400 1896 unus
1413 1843 1567 1900 meminerit
1589 1843 1774 1920 Hieronymus
1790 1864 1827 1906 cx
1839 1853 1932 1907 incerto

283 1942 344 1987 acra
357 1928 499 1994 terciane
514 1942 567 1982 non
580 1938 623 1982 est
636 1933 726 1982 tanrcn
740 1925 950 1998 anthigcndmn,
965 1927 1030 1997 qrrin
1042 1941 1085 1981 as
1140 1937 1244 1986 tantum
1259 1946 1379 2002 rumore,
1391 1933 1434 1990 cui
1447 1935 1527 1993 iidem
1541 1937 1600 2008 ipse
1610 1937 1755 1998 dmnbere
1766 1943 1888 2000 nonnihil
1899 1945 1933 2000 ri-

285 2022 371 2078 siduae
393 2017 510 2076 orationi
524 2019 655 2088 vacando,
679 2027 708 2076 et
735 2019 861 2090 populum
885 2019 936 2075 sibi
954 2017 1087 2075 creditum
1138 2023 1228 2080 derum.

284 2113 441 2171 christianis
463 2111 630 2168 instituendo
653 2109 814 2182 disciplinis,
840 2110 951 2180 perlecti
971 2109 1088 2179 pastoris
1174 2118 1239 2174 iti.
1260 2116 1294 2175 ln
1307 2120 1380 2176 libris
1395 2122 1532 2195 pinperrdis
1545 2139 1650 2198 operere
1664 2130 1760 2200 possit.
1783 2159 1822 2172 —
1839 2129 1932 2188 Pence

285 2209 377 2264 munia
409 2205 518 2262 θῦῑθῐῑῑ·
556 2204 613 2261 1³¹⁰
636 2219 698 2260 ⁰⁰¹⁰
718 2215 782 2260 '⁰¹¹⁰
811 2203 941 2274 le''lli“ris
966 2203 1088 2274 1)ςίὶιιιιω
1138 2214 1269 2270 memoria
1285 2215 1509 2273 exciderataliud
1527 2217 1931 2298 llilariinonlaccndumepss.

285 2300 454 2372 exposuisse,
471 2295 701 2355 ltincnccessarin
716 2296 832 2367 quedam
844 2295 1087 2362 medecanllcitur,
1140 2305 1210 2363 pum
1234 2309 1307 2363 epp„
1332 2308 1453 2367 pomp,
1480 2327 1608 2368 manuum
1630 2327 1683 2370 „on
1711 2317 1931 2389 mpfflm'ffl

285 2392 358 2465 eund
370 2395 396 2448 in
409 2383 503 2449 eorum
517 2392 688 2447 crrarrutinne
709 2389 792 2446 libros
804 2389 838 2444 de
854 2387 984 2444 Trinirme
997 2387 1053 2458 iam
1073 2401 1088 2442 a
1139 2399 1211 2469 puna
1225 2401 1261 2456 atr
1272 2401 1465 2459 ecelesiasticis
1486 2405 1560 2462 carris
1581 2417 1723 2476 supererat
1747 2413 1889 2483 temporis,
1908 2415 1930 2470 ia

285 2495 408 2544 esculea
427 2484 514 2542 editos
534 2492 619 2539 ntrtet.
642 2482 708 2540 Ntttit
733 2491 793 2554 post
813 2481 900 2538 odilus
918 2482 978 2538 illlis
1004 2480 1089 2536 liliive
1141 2492 1929 2565 pingeppdisspcpislibriseonspmsisseindicioggps,pfl».

283 2581 389 2638 nullum
405 2579 459 2636 iure
471 2577 496 2636 ei
508 2621 516 2648 ‚
529 2579 580 2635 nisi
597 2579 742 2649 postremis
761 2575 803 2634 his
820 2579 910 2644 antris,
932 2577 1016 2632 etium
1039 2575 1090 2632 init
1140 2588 1213 2658 perpe
1226 2585 1393 2645 popanensis
1405 2590 1523 2661 0915pr
1541 2599 1732 2649 mmmmm
1749 2608 1824 2651 m„
1841 2598 1932 2654 (m

283 2690 338 2748 qno
353 2683 456 2731 ιιιιιιιιιι
470 2689 538 2745 opus
551 2673 702 2745 perficeret.
721 2671 761 2727 Eo
773 2681 863 2728 autern
882 2671 997 2728 consilio
1012 2671 1088 2726 illum
1140 2678 1194 2736 m
1218 2680 1381 2744 coniectum,
1404 2697 1457 2753 quo
1478 2678 1715 2754 huprrstodunenei
1734 2685 1865 2761 episcope
1886 2691 1932 2748 in-

284 2785 318 2828 ιι
332 2769 405 2826 οιιιιιί
423 2769 563 2839 scriptura
585 2767 750 2836 psalmorum
773 2767 941 2835 potissimum
965 2765 1090 2820 recondi·
1141 2772 1257 2842 pimenio
1270 2772 1399 2844 relinquit
1412 2772 1620 2845 Eratngelierum
1631 2776 1740 2846 librum,
1751 2782 1932 2854 mercipit

286 2863 369 2919 tiones
391 2877 487 2917 sensns
508 2859 682 2928 explicandos
706 2860 859 2928 suscepisse
882 2857 1022 2930 probabile
1035 2867 1088 2924 est,
1142 2863 1261 2921 Hilarius
1280 2864 1441 2924 Plorucensis
1459 2868 1589 2939 peratum
1607 2873 1728 2928 mcerdos
1742 2873 1860 2948 (spicil.
1875 2885 1894 2932 t.
1906 2892 1929 2944 ι,

286 2953 805 3026 puevidelicetsuariusatqucutilius
825 2962 997 3010 canerentur.
1018 2953 1089 3010 Turn
1140 2970 1202 3028 pag.
1217 2955 1294 3029 rue).
1310 2957 1705 3035 uaesaneepusltterenpmo
1723 2981 1758 3022 eo
1781 2969 1932 3041 magispre
1982 2962 1983 3023 ι

286 3047 398 3104 enimin
414 3045 526 3104 ecclesia
552 3049 594 3101 cui
616 3047 853 3116 praeratusitatos
876 3045 958 3102 hrisse
974 3046 1091 3116 psalmo-
1140 3049 1331 3120 haruanense
1346 3065 1396 3122 per
1416 3052 1480 3108 illud
1502 3061 1528 3108 et
1548 3070 1640 3111 menes
1661 3067 1781 3127 onerem
1799 3061 1932 3130 cibamur

289 3155 350 3198 rum
366 3149 480 3208 ceratos,
497 3137 640 3210 persuadet
653 3153 715 3194 cum
730 3137 782 3194 hoc
807 3135 898 3195 Tract.
915 3137 982 3209 psal.
1007 3153 1090 3195 csrtrt
1140 3141 1626 3217 unbotrrlutierresutrrreturlllieren.
1637 3151 1710 3224 epist.
1724 3151 1758 3219 i,
1772 3154 1932 3230 aram),

288 3231 366 3300 lite,
379 3249 452 3288 rrum.
469 3230 751 3304 ll‚queclrristianns
766 3245 781 3284 a
798 3231 872 3288 ranis
885 3231 1047 3304 spectaculis
1056 3231 1090 3285 ad
1104 3239 1128 3304 c
1144 3233 1246 3291 llilario
1273 3235 1459 3308 dignissimum
1483 3239 1533 3296 init
1552 3257 1561 3295 τ
1580 3251 1611 3298 ut
1630 3245 1736 3304 scilicet
1756 3248 1932 3323 iimnpetinn,

288 3325 394 3397 eltjecta
413 3325 531 3396 gratiora
553 3323 592 3380 sic
610 3333 735 3382 reuocat:
752 3323 812 3379 illisi
825 3328 890 3396 ferte
902 3325 1024 3380 alumnis
1037 3323 1091 3378 illis
1143 3326 1214 3397 qued
1228 3329 1309 3384 corde
1321 3330 1459 3401 gestabat,
1473 3348 1527 3388 nen
1541 3333 1628 3390 selum
1640 3351 1690 3394 ore
1701 3353 1795 3400 corsus
1809 3344 1932 3401 audienti·

288 3416 491 3492 spectaculorum
505 3417 619 3484 turpium
629 3417 725 3489 subulis
739 3433 790 3473 non
809 3418 933 3474 unroenitts
946 3417 1033 3472 diuina
1044 3417 1092 3472 illu
1144 3419 1195 3476 bus
1208 3420 1361 3492 preferret.
1376 3425 1424 3482 scd
1445 3434 1474 3481 ct
1494 3425 1541 3498 pio
1564 3443 1692 3488 manuum
1718 3436 1838 3492 arrittcio
1851 3438 1932 3508 pomi

289 3509 409 3566 lrumnnre
430 3511 486 3580 spei
510 3511 612 3581 eloquio
623 3518 760 3566 corruatur
780 3525 789 3566 :
808 3518 863 3566 lunt
888 3511 1005 3567 maxime
1024 3508 1092 3566 illud
1143 3513 1349 3572 transanittcret.
1365 3514 1449 3572 Vetus
1463 3516 1610 3576 etiamnum
1629 3521 1656 3578 in
1670 3526 1785 3582 ecclesia
1796 3528 1826 3585 S.
1838 3529 1932 3586 Gatiaui

288 3599 382 3658 Tract.
399 3600 467 3672 psal.
492 3617 564 3670 tarr,
580 3618 655 3659 num.
680 3601 733 3659 ts:
749 3601 904 3678 Propressur
926 3603 1092 3662 Ecclesiam
1143 3603 1312 3664 'l'urerrcnsis
1325 3622 1482 3666 asservatur
1492 3610 1697 3686 Euangeliornm
1718 3621 1808 3678 codex
1834 3623 1932 3691 latirus,

290 3694 477 3749 naereticorum
495 3703 518 3750 et
539 3697 739 3769 vespertinorum
750 3699 902 3770 lrpmnorron
911 3699 1093 3757 delectationes
1144 3715 1226 3770 ouem
1240 3717 1256 3756 a
1269 3701 1298 3759 S.
1313 3701 1414 3759 llilario
1426 3702 1556 3775 scriptum
1572 3719 1677 3778 putant.
1691 3720 1773 3781 atque
1787 3714 1851 3773 huic
1863 3718 1934 3774 ercle

290 3785 433 3840 nescierunt
450 3787 635 3844 misericordie
648 3787 695 3843 Dei
706 3789 807 3860 ciprum
820 3798 868 3846 est.
885 3789 946 3847 Dies
959 3793 986 3848 in
998 3795 1095 3850 erutio-
1144 3792 1192 3848 sia.
1206 3809 1222 3847 a
1235 3793 1265 3851 S.
1285 3793 1420 3865 Perpetuo
1434 3797 1570 3869 relictum,
1584 3817 1645 3858 crttn
1660 3802 1820 3874 Euphronio
1832 3809 1888 3880 ipse
1896 3825 1934 3866 stt·

291 3878 366 3936 trihus
379 3879 587 3948 pertineremus,
602 3881 694 3938 diesin
710 3885 810 3954 hpmnir
822 3883 868 3941 liri
881 3887 1021 3945 clauditur.
1145 3893 1252 3958 perstes
1262 3886 1366 3956 luisset,
1380 3904 1416 3946 ex
1429 3890 1509 3963 hrrjus
1526 3897 1678 3953 testamenti
1700 3900 1793 3957 serbis
1813 3903 1935 3974 interpre-

328 3971 390 4030 lid.
412 3973 493 4032 irrite
517 3975 655 4032 rrenrrullis
676 3977 834 4037 incredibile
857 3980 1002 4052 ridebitur,
1021 3982 1096 4039 llila-
1146 3981 1196 4035 tari
1211 3979 1351 4038 licetillud
1364 3982 1509 4042 Christiani
1524 3989 1679 4048 lirutbmari
1693 3991 1805 4051 natione
1819 3997 1933 4070 leuiori

290 4065 360 4124 rium
378 4074 440 4139 post
453 4067 605 4124 secuudum
617 4067 644 4124 iu
656 4069 758 4126 Gallias
770 4072 896 4136 reditum.
910 4074 961 4132 hoc
971 4084 1022 4143 est,
1034 4087 1096 4148 post
1145 4082 1174 4128 et
1195 4071 1318 4130 honneur
1340 4077 1521 4144 (lothariensis.
1542 4083 1587 4152 (ptri
1605 4084 1677 4141 circa
1692 4089 1823 4145 saeelum
1846 4106 1875 4146 ιι
1889 4090 1931 4146 do·

292 4161 390 4217 nrultas
405 4177 467 4218 cnm
483 4161 592 4218 Arianis
607 4162 803 4235 disputationes
820 4167 1029 4240 frequentesque
1047 4186 1096 4243 ptr·
1145 4163 1219 4220 ruit:
1243 4165 1304 4221 Vidi
1317 4168 1409 4224 illrum
1425 4167 1560 4245 huneperti
1573 4191 1656 4247 praece
1668 4180 1804 4250 scripturire,
1818 4184 1863 4251 pas·
1874 4184 1935 4239 dire·

291 4269 369 4325 gnus.
382 4261 514 4311 tractatos
527 4269 597 4327 aprres
612 4255 743 4313 habemns
756 4257 781 4314 in
800 4260 921 4332 psalmes
933 4263 1096 4335 scripsisse;
1146 4258 1222 4313 term
1233 4271 1316 4317 runco
1330 4261 1425 4318 llrlaru
1438 4267 1528 4335 sumre,
1540 4269 1568 4323 in
1577 4287 1628 4342 pue
1641 4274 1719 4343 primi
1727 4277 1935 4348 emmarricus

293 4357 354 4398 curn
364 4344 392 4400 in
407 4347 447 4402 cis
461 4348 501 4404 sic
511 4347 609 4418 juratis
623 4348 677 4406 illis
692 4349 754 4407 lidei
769 4350 891 4411 hostibus
902 4365 1004 4427 parcat,
1021 4372 1054 4413 ac
1071 4361 1096 4414 si
1147 4362 1171 4409 et
1182 4351 1309 4424 locanes,
1324 4367 1348 4412 er
1362 4359 1435 4431 prius
1449 4359 1604 4433 (lt-gendum
1618 4368 1755 4439 posterius)
1767 4371 1826 4440 etii,
1843 4373 1935 4430 ,tram

295 4447 331 4490 ue
341 4437 460 4493 novisset
472 4439 592 4510 quidem.
604 4441 655 4509 Qrti
670 4443 746 4500 iilum
756 4444 881 4517 origenis
896 4455 998 4505 tanturn
1014 4451 1097 4507 rerba
1147 4447 1207 4504 scil.
1221 4455 1251 4505 et
1263 4448 1349 4507 Lucas
1365 4469 1373 4508 a
1389 4461 1420 4508 ut
1437 4453 1564 4513 nimirum
1585 4462 1668 4516 saneti
1688 4460 1787 4521 liilarii
1811 4467 1936 4524 dictusslt

296 4523 499 4595 interpretatum
515 4547 575 4587 esse
593 4533 748 4605 opinantur,
773 4537 836 4594 hinc
858 4553 889 4596 sc
915 4539 992 4598 lacilc
1015 4558 1097 4609 expe
1147 4540 1193 4598 hic
1206 4541 1283 4611 liber,
1299 4545 1360 4615 noia
1377 4561 1459 4603 manu
1473 4547 1560 4620 ipsius
1572 4562 1708 4612 exaratus.
1724 4557 1753 4614 ln
1767 4558 1831 4618 aliis
1841 4575 1935 4634 eropus

297 4617 386 4684 diunt,
398 4633 460 4676 crim
475 4619 591 4680 hareses
604 4630 721 4683 auctoris
731 4629 773 4685 sui
787 4645 845 4685 sero
857 4631 975 4688 rteudtrm
988 4641 1098 4692 enorme
1108 4637 1136 4701 ii
1148 4636 1226 4692 libris
1247 4651 1281 4693 ac
1304 4641 1453 4710 presertim
1477 4643 1643 4717 syrtudorum
1669 4650 1739 4706 actis
1761 4651 1935 4712 describendis

296 4711 332 4768 ab
344 4712 491 4785 interprete
500 4714 574 4772 sileri
586 4717 696 4778 minime
709 4723 806 4778 mirum
821 4723 866 4781 sit.
885 4723 941 4780 ‘Sed
963 4725 1097 4800 lruicnpi-
1148 4729 1220 4787 idem
1246 4731 1364 4788 studium
1384 4749 1448 4792 eum
1472 4739 1638 4808 impendisse
1660 4745 1802 4814 probabile
1824 4759 1884 4819 est,
1907 4764 1935 4806 ex

298 4805 372 4862 nioni
386 4822 447 4862 com
463 4807 543 4864 malta
556 4809 743 4883 adversentur,
766 4832 826 4890 qnae
845 4818 972 4890 singulari
994 4822 1097 4880 halme-
1147 4836 1236 4894 eerpne
1251 4822 1385 4883 laberein
1400 4837 1525 4900 promptu
1539 4835 1565 4888 el
1580 4835 1663 4892 luisse
1677 4837 1934 4900 undecerrciliilri·
1982 4822 1983 4909 h

297 4897 402 4955 mitione
415 4903 583 4958 commodius
602 4919 784 4976 erprenemus3
810 4919 865 4966 turn
889 4912 954 4967 illud
980 4917 1097 4973 inanime
1148 4912 1279 4971 minensis
1292 4915 1431 4974 historiam
1446 4925 1619 4990 reserenari
1632 4926 1936 5006 idresecclesicposta-
1982 4968 1983 4981 ι

298 4999 439 5063 levistici,
456 4991 526 5062 osred
548 4994 574 5049 in
595 4995 689 5053 iisdem
704 4999 1098 5078 Trnerarrbnsdepmaartam
1150 5004 1934 5099 lauitpneanrenihaetenus‚sccurattnrepromantne
1982 5018 1983 5109 l

299 5085 385 5141 errori
398 5088 562 5142 centrarium
579 5091 678 5156 passim
692 5105 723 5148 ea
737 5095 842 5153 ratione
854 5097 1021 5166 adstruatur,
1037 5119 1099 5176 parm
1149 5100 1243 5166 merlo,
1263 5115 1279 5156 e
1298 5104 1435 5161 ueteribus
1450 5112 1634 5166 mertrrmentis
1645 5127 1744 5173 eruere
1766 5129 1795 5175 et
1822 5121 1935 5192 indagare

297 5174 421 5249 origenis
429 5177 527 5250 stylum
539 5179 649 5236 minime
660 5183 755 5253 sapiat.
771 5187 933 5247 Credibilius
946 5193 1096 5266 itaeuecst,
1149 5192 1302 5250 curat-imus
1315 5196 1407 5255 ililarii
1418 5211 1505 5270 peste,
1519 5201 1682 5263 ineamus
1694 5207 1746 5267 hac
1758 5210 1835 5271 hreni
1845 5228 1935 5271 summa

298 5285 361 5328 euru
373 5271 486 5326 arianas
498 5271 650 5340 impietates
663 5273 771 5331 silentio
787 5283 1010 5349 praeterire.turn
1026 5289 1098 5359 pund
1149 5288 1367 5357 complectitur:
1400 5290 1469 5348 liunt
1498 5301 1693 5373 superstesfur't
1714 5303 1744 5359 irs
1766 5308 1877 5371 mate,
1898 5316 1935 5362 sar

299 5363 334 5421 ab
345 5361 419 5419 omni
430 5363 487 5419 rlxa
500 5373 527 5420 et
540 5365 713 5424 contentione
723 5367 839 5426 alienum
851 5379 1097 5448 gereretanimtrm,
1149 5380 1251 5451 scripsit
1276 5381 1454 5441 erchenarius
1475 5385 1538 5457 fidei
1554 5390 1718 5458 documenta,
1741 5404 1790 5452 ast
1811 5397 1935 5472 papssrde

299 5462 357 5512 lum
376 5457 448 5528 quud
461 5471 555 5513 cerunt
571 5457 784 5516 recordationem
805 5461 879 5531 plebi
890 5480 945 5524 suae
961 5483 1015 5526 nen
1030 5485 1097 5527 cerr·
1150 5470 1258 5528 calcarit
1270 5475 1390 5532 lroeretice
1402 5479 1522 5548 crimine,
1537 5491 1583 5537 cut
1594 5487 1690 5556 petenti
1707 5488 1934 5547 tminirmipmia-

298 5551 397 5606 dllssflli'
412 5560 546 5608 censeret.
1149 5584 1208 5623 rrrnr
1222 5569 1357 5646 euprepia.
1380 5574 1508 5632 sanctam
1525 5579 1595 5636 adeo
1614 5582 1696 5638 vitam
1711 5599 1765 5640 nen
1788 5588 1872 5658 potnit
1892 5584 1934 5641 uisl

334 5643 397 5698 itt.
420 5641 583 5715 lipmnoruur
599 5653 624 5700 et
647 5646 828 5718 mysteriorum
842 5649 920 5707 libros
933 5652 993 5708 edit.
1006 5654 1096 5714 -tte
1150 5676 1224 5718 rners
1238 5666 1354 5732 pretiosa
1368 5681 1568 5726 consummare.
1592 5671 1726 5731 Nonnulla
1739 5692 1802 5748 eure
1825 5680 1858 5736 ad
1877 5680 1933 5735 bana
1982 5712 1983 5747 p

299 5732 370 5790 idem
389 5744 494 5806 tempus
513 5738 616 5794 relerre
629 5737 691 5796 licet
705 5750 869 5799 ntemtrratos
883 5745 917 5802 alr
931 5745 1097 5822 Hieronymo
1149 5765 1282 5826 spectant,
1296 5759 1329 5815 ad
1340 5761 1443 5818 calcem
1464 5763 1526 5821 libri
1535 5781 1556 5821 ιι
1568 5765 1665 5825 ilites
1679 5767 1829 5829 Fortunato
1840 5773 1933 5844 scripta
1982 5756 1983 5831 h

300 5827 460 5904 hymnorum
485 5833 729 5909 anystcriorumque
755 5835 854 5907 librom
880 5849 911 5897 ut
932 5855 994 5897 cum
1023 5844 1095 5915 apud
1149 5863 1244 5908 emes.
1258 5851 1450 5915 Gerteancnsis
1462 5868 1491 5917 et
1499 5862 1680 5934 complurium
1692 5863 1932 5925 aliorumhdetult·
1982 5850 1983 5933 Ῠ
