4042 6342
327 188 381 248 utu
901 183 1026 245 stucut
1046 184 1176 245 tiltaltlt
1195 183 1352 245 Ettscout
1864 194 1911 266 lg

328 312 534 373 momentanea,
548 316 603 360 uon
616 301 796 375 teutporaria,
811 300 858 359 sed
869 300 928 359 sine
942 304 1127 360 demutatione
1140 309 1168 371 Α
1179 300 1309 357 lrabitatio
1322 298 1474 358 Jerusalem
1485 340 1493 369 ,
1503 306 1532 357 et
1545 306 1653 358 montes
1667 299 1757 359 eireum
1768 319 1824 375 eom,
1835 313 1849 367 q
1862 320 1893 373 „q

329 399 385 455 ulla
401 407 448 453 aot
462 398 592 468 temporis
607 394 796 453 observatione
816 398 978 455 consistens.
993 396 1050 453 Nos
1064 413 1130 467 ergo
1180 395 1234 450 lam
1260 393 1397 451 interioris
1421 393 1608 466 intelligentiae
1634 392 1730 451 babent
1742 410 1835 471 mnan,
1845 406 1893 464 qq,

329 490 391 548 sine
411 488 596 547 uicissitudine
618 498 769 561 temporum
790 488 940 546 Ecclesiam
963 490 1128 560 incolentes,
1181 497 1223 543 est
1238 485 1376 558 psalmus,
1391 494 1419 543 et
1434 487 1550 544 mendax
1578 484 1731 558 l'ropbeta,
1746 488 1767 545 in
1779 494 1894 567 quoipiritn

329 584 513 642 abstineamus
527 598 541 638 a
558 582 692 655 peccatis,
706 591 737 639 ut
754 597 769 640 a
784 583 889 656 laqueis
907 584 1058 642 evolemus.
1071 585 1131 641 La·
1181 586 1291 635 sanetus
1302 580 1407 635 loeutus
1423 592 1485 635 esse
1499 577 1638 635 credatur.
1652 577 1701 634 Est
1717 580 1777 639 eninr
1792 600 1846 643 mons
1859 590 1893 649 liu

329 694 416 752 quens
431 678 502 734 enim
513 692 561 749 per
576 677 660 734 baum
673 676 701 733 iu
721 692 771 733 nos
786 676 951 737 habitantem
966 678 1130 736 conteritur:
1180 673 1284 731 ciuitati
1310 674 1461 731 Jerusalem
1488 672 1650 741 immiueus;
1676 682 1717 730 eet
1738 678 1809 735 eadem
1829 682 1892 754 artua,

328 771 392 844 quia
420 771 456 827 ita
483 769 605 841 sequitur
631 787 638 824 :
663 768 787 841 loqueum
810 772 937 827 contritus
961 780 1008 838 est,
1035 780 1058 827 et
1084 787 1131 828 not
1180 767 1252 823 eirea
1263 780 1344 839 quam
1360 768 1529 824 extrinsecus
1542 767 1636 839 plures
1649 772 1893 847 tantummodum

328 864 428 921 liberati
449 879 548 919 sumus.
563 862 649 919 Vens.
670 864 699 919 8.
712 864 879 937 adjutorium
909 873 1024 920 nostrum
1048 862 1129 939 351
1181 861 1293 919 conlidit
1306 860 1333 917 lu
1360 862 1491 929 Domino,
1506 878 1586 936 quem
1604 862 1745 934 protectum
1758 864 1911 941 babebituait

326 960 354 1016 r'rr
373 959 476 1015 nomine
494 956 618 1026 Domini,
639 957 684 1028 qui
698 958 759 1030 feeit
783 958 876 1013 coelum
895 968 919 1013 et
941 967 1046 1015 torena.
1075 958 1132 1015 lloe
1181 954 1426 1013 sieutimonsSiou
1439 957 1452 1009 l
1466 970 1500 1012 ex
1516 954 1671 1013 rationabili
1682 954 1775 1015 laomiue
1786 942 1911 1029 lemanni

289 1073 296 1085 ·
326 1053 461 1126 adiutorio
486 1054 598 1125 laqueus
619 1050 795 1121 conteritur,
826 1052 878 1110 hoc
903 1051 1038 1125 adjutorio
1060 1051 1131 1109 libe·
1182 1046 1327 1114 arborem,
1351 1046 1498 1118 cespitem,
1515 1055 1544 1103 et
1565 1047 1710 1103 denatura
1728 1049 1911 1109 animatione-r

326 1164 436 1219 ramur,
453 1150 480 1206 in
491 1149 601 1205 nomine
612 1146 719 1204 bomini
729 1146 775 1218 qui
787 1146 960 1205 lecitetelum
973 1154 1129 1203 etterram:
1181 1154 1238 1195 ram
1251 1140 1425 1197 inanimalem
1447 1139 1563 1197 relerril
1575 1139 1636 1197 lam
1652 1155 1715 1197 uero
1735 1143 1837 1212 quomodo
1851 1146 1893 1203 idoli
1910 1180 1911 1183 κ

326 1244 400 1316 qued
413 1253 454 1300 cst
474 1241 580 1299 seilicet
601 1255 682 1312 super
694 1255 776 1298 unane
797 1254 914 1309 nomen,
931 1240 958 1295 in
972 1254 1027 1311 qoo
1050 1252 1131 1295 omae
1182 1228 1227 1287 bie
1240 1244 1332 1288 sermo
1346 1232 1398 1299 sit,
1412 1246 1466 1288 uon
1480 1230 1705 1288 commovendum
1719 1244 1770 1286 eom
1782 1232 1803 1287 in
1813 1243 1892 1297 aurare,
1910 1304 1911 1317 χ

327 1352 398 1411 genu
412 1337 537 1394 lleetatur
555 1334 724 1402 caelestium,
739 1333 910 1391 terrestrium
924 1343 951 1391 et
963 1332 1130 1390 interorum:
1182 1324 1228 1394 qui
1242 1324 1345 1381 habitet
1367 1326 1393 1379 in
1413 1322 1582 1381 Jerusalemt
1604 1321 1735 1394 Nurrrqoitl
1754 1322 1892 1397 ierusalanipn

326 1439 355 1488 et
377 1428 466 1486 omnis
487 1430 577 1501 lingua
592 1428 768 1493 conlimatur,
784 1428 846 1500 quia
867 1428 997 1485 Dominus
1009 1427 1089 1485 lesus
1103 1423 1131 1481 in
1181 1416 1423 1476 sanctificationem
1437 1418 1620 1475 babitantibus
1637 1416 1772 1487 alterabat,
1784 1428 1808 1475 ut
1823 1422 1892 1479 labieni
1910 1430 1911 1439 ’

326 1522 470 1597 gloriaest
483 1522 531 1579 liei
547 1521 648 1593 patris,
669 1521 716 1593 qui
736 1528 778 1578 est
800 1520 960 1579 benedictus
983 1522 1011 1579 iu
1032 1522 1131 1581 saecula
1181 1510 1240 1583 ‘11¹⁵
1252 1513 1366 1569 “mistis
1387 1521 1461 1569 ‘³³⁵0‘
1485 1520 1603 1569 wll&
1620 1526 1682 1567 lum
1697 1510 1731 1585 (θ)
1749 1514 1809 1570 mili
1822 1516 1891 1586 saulge

329 1618 503 1675 saeouloeum.
518 1618 616 1673 Amen,
1181 1602 1271 1660 caedes
1298 1604 1514 1677 prophetarum,
1537 1604 1671 1677 iudicium
1697 1606 1781 1661 mortis
1802 1608 1822 1661 iu
1841 1608 1890 1674 leun,

578 1707 737 1767 Pssumis
753 1707 881 1769 cmv,
1145 1706 1171 1768 Β
1182 1697 1246 1772 loga
1259 1698 1470 1771 Apostolorum,
1486 1699 1576 1757 crucis
1589 1698 1740 1756 scandalum
1752 1700 1795 1755 siti
1805 1700 1890 1757 Ηιιιιιιι

593 1800 729 1859 corticum
740 1804 878 1875 paduam.
1181 1802 1273 1849 autem
1286 1795 1313 1850 iu
1328 1809 1360 1851 ea
1374 1796 1500 1866 quotiens
1514 1793 1625 1865 captiui,
1638 1792 1676 1867 (c)
1690 1794 1798 1866 quotieas
1807 1799 1887 1867 paup?

365 1895 417 1964 Ωιι
431 1894 565 1964 confidunt
587 1893 615 1948 in
637 1893 772 1962 Domino,
788 1896 856 1951 sieut
874 1912 949 1952 mom
973 1894 1062 1965 swa,-
1077 1912 1130 1953 aaa
1180 1886 1222 1943 Ad
1235 1886 1356 1942 ultimum
1372 1887 1437 1942 urbs
1450 1889 1506 1958 ipsa
1519 1886 1642 1943 funditus
1652 1886 1736 1942 diruta
1748 1896 1797 1953 est,
1807 1890 1888 1959 etqniru

327 1986 525 2043 commovebitur
548 1988 576 2041 iu
599 1994 725 2042 almanno
736 1986 781 2058 qui
801 1986 899 2042 delitet
924 1990 952 2043 in
973 1988 1128 2045 damatam,
1182 1979 1276 2035 lationi
1288 1980 1348 2050 ejus
1362 1979 1464 2041 residui
1479 1988 1574 2047 erant,
1587 1981 1659 2052 eapti
1675 1993 1750 2051 atque
1763 1980 1887 2051 dispersim:

327 2082 433 2139 llantes
444 2081 472 2137 ia
485 2082 594 2137 circuitu
605 2085 679 2156 ejus,
696 2092 720 2137 et
734 2080 862 2138 dominns
875 2082 903 2137 ia
916 2082 1027 2138 circuito
1040 2085 1130 2155 popula·
1181 2073 1314 2146 propbeta
1330 2076 1381 2131 bac
1393 2073 1525 2145 impietati
1538 2074 1596 2147 ejus
1612 2074 1743 2130 excidium
1759 2082 1820 2129 antea
1830 2078 1888 2128 itanu

328 2179 370 2234 aui
383 2220 391 2245 ,
405 2194 438 2235 ex
450 2182 500 2236 toa
513 2195 582 2235 nune
607 2188 630 2232 et
644 2194 726 2249 saque
737 2178 766 2231 in
779 2177 901 2233 suentana
914 2194 925 2233 .·
938 2178 1061 2249 quonium
1078 2194 1130 2233 nott
1181 2168 1283 2225 ‘hilei
1301 2165 1473 2223 Tmalellffl
1487 2168 1608 2236 dalila,
1627 2169 1738 2223 &lilim
1749 2167 1887 2237 ”imiimi

329 2272 489 2342 derelinquet
501 2273 599 2344 uirgam
611 2279 774 2343 peecatorum
784 2286 862 2342 super
875 2280 969 2326 sarran
977 2271 1131 2341 justorum
1183 2270 1303 2316 crematae
1316 2262 1444 2335 regionem
1466 2272 1575 2317 oestrum
1595 2261 1623 2315 in
1646 2272 1777 2333 conspeetu
1791 2271 1846 2314 aratu
1854 2258 1889 2313 aad

329 2373 357 2420 ιιι
370 2382 422 2421 non
441 2363 578 2421 mentone
595 2364 663 2436 justi
674 2362 703 2418 io
718 2361 810 2435 (inira,
831 2360 876 2435 od)
901 2362 1062 2434 iniquitatem
1074 2378 1132 2418 m.
1182 2354 1330 2424 cotuedent,
1347 2365 1371 2411 et
1386 2354 1501 2413 desoluto
1516 2364 1540 2410 et
1561 2356 1683 2411 solamen
1702 2374 1718 2410 o
1735 2354 1889 2428 populorum

326 2474 376 2515 aaa
387 2476 458 2515 snae,
472 2457 597 2529 Regesne,
608 2456 729 2525 Domine,
743 2456 817 2512 loni,
827 2467 852 2513 aa
864 2456 939 2513 aaut,
950 2458 1036 2514 corde,
1043 2456 1132 2514 Deest.
1182 2445 1371 2520 derelr'uquetttr
1384 2448 1441 2518 filia
1459 2446 1544 2515 Sion,
1560 2458 1588 2505 ut
1603 2449 1786 2504 tulerrtoeulnm
1795 2450 1815 2503 iu
1829 2448 1889 2509 ruat

329 2560 419 2607 nantes
433 2560 519 2607 nutent
533 2550 569 2606 od
591 2550 762 2622 obligationes
785 2548 896 2605 adducet
918 2547 1048 2606 liominus
1072 2564 1132 2605 cum
1181 2540 1250 2595 ⁸t'ttti
1261 2556 1322 2595 catti
1337 2542 1493 2597 custodiaria
1507 2542 1535 2597 ia
1549 2543 1722 2598 commmatio
1743 2539 1890 2614 (Elii-illli-

328 2644 493 2720 aparatibus
501 2644 661 2714 iniquitatem
673 2659 683 2700 .·
697 2660 750 2714 poa
761 2660 839 2716 super
853 2641 949 2699 lsrael.
1182 2632 1242 2689 Iam
1256 2648 1322 2705 ergo
1344 2632 1434 2689 inanis
1455 2644 1498 2689 est
1519 2632 1628 2703 sermo,
1651 2635 1736 2691 inanis
1749 2643 1785 2691 est
1805 2632 1891 2704 proptor,

551 2733 761 2791 TRACTATUS
774 2733 911 2793 PsALlll,
1182 2740 1244 2797 quae
1256 2724 1409 2782 addiderit:
1427 2725 1529 2784 llontes
1543 2728 1570 2783 io
1593 2728 1703 2782 circuitu
1715 2730 1781 2800 ejus,
1797 2722 1892 2781 alona

364 2829 392 2884 l.
409 2828 505 2883 Caetra
519 2843 563 2884 cot
577 2828 623 2900 qui
642 2828 755 2883 litterum
773 2828 849 2884 onice
860 2836 1001 2884 aestuatur.
1019 2858 1055 2871 -
1080 2826 1132 2885 ua·
1181 2818 1209 2872 fd
1219 2819 1329 2875 θῑῐθϋὶω
1351 2820 1442 2893 utilit&
1455 2825 1496 2876 Μ
1507 2837 1541 2877 ⁶³5
1554 2821 1601 2877 ¹10⁶
1626 2820 1669 2895 (d)
1682 2838 1747 2877 dliii
1763 2820 1893 2889 alliud*

329 2918 407 2977 ciunt
422 2920 501 2977 nobis
513 2921 636 2991 plerique
649 2919 861 2986 obscuritatem,
873 2920 997 2978 nolentes
1011 2920 1133 2993 Scriptu-
1182 2911 1278 2967 cllum·
1299 2911 1451 2969 Jefflfflltm
1471 2928 1568 2971 elerii
1595 2924 1653 2983 0⁵²»
1677 2913 1818 2985 populique
1829 2908 1892 2966 ouda

329 3028 376 3072 ras
402 3013 574 3085 propbetieas
595 3013 656 3070 solo
676 3012 781 3070 aurium
804 3012 907 3085 judicio
928 3011 1081 3082 aestimare,
1105 3021 1134 3070 cl
1184 3012 1266 3074 sunt,
1281 3006 1403 3079 reliquie
1417 3007 1476 3079 elus
1492 3007 1631 3081 dissipatae
1643 3018 1719 3065 sunt:
1739 3008 1804 3063 bodie
1817 3007 1892 3061 ianua

329 3124 385 3167 non
398 3107 472 3164 aliud
495 3108 522 3163 in
537 3109 580 3165 lais
592 3106 762 3181 intelligere,
778 3122 858 3180 quam
873 3107 946 3179 quod
956 3109 1007 3165 sub
1020 3100 1168 3180 singulisG
1185 3098 1341 3168 labimur·
1362 3115 1416 3157 ¹¹⁰⁰
1433 3100 1578 3168 ⁵³Oe¹d⁰⁵a
1597 3116 1653 3158 ¹¹⁰n
1674 3102 1806 3173 propbeta,
1819 3096 1891 3164 liiill

329 3216 424 3259 rerum
434 3216 605 3273 quarumque
615 3201 754 3257 uocabulis
764 3200 899 3257 audiatur.
915 3201 994 3271 Quod
1008 3216 1070 3258 cont
1086 3216 1134 3259 ro-
1184 3206 1268 3267 oepit
1282 3192 1329 3249 ted
1346 3194 1403 3265 ipsu
1418 3193 1535 3265 obtrita,
1554 3194 1679 3263 deserta,
1700 3193 1755 3251 sine
1772 3186 1892 3248 tractasti

329 3295 407 3363 lunt,
424 3308 512 3366 noque
524 3294 603 3351 nobis
612 3293 683 3366 quod
699 3292 881 3365 intelligamus
895 3294 1069 3366 relinquunt,
1085 3310 1134 3353 ne-
1183 3286 1320 3360 quomodo
1332 3287 1467 3345 habitator
1488 3288 1547 3361 ejus
1561 3304 1615 3345 nou
1629 3287 1821 3347 conanoaebttn
1830 3284 1847 3338 ir
1858 3292 1892 3336 ern·

327 3404 382 3463 que
403 3389 550 3460 propbetas
570 3404 625 3446 uon
639 3388 701 3445 dico
721 3387 864 3458 caelestia,
881 3386 928 3445 sed
952 3403 1003 3445 nee
1024 3396 1133 3447 terrena
1185 3382 1268 3439 uuml
1290 3393 1318 3441 et
1340 3383 1472 3441 Dourinus
1495 3386 1524 3441 in
1544 3385 1661 3441 circuitu
1681 3385 1765 3457 populi
1786 3383 1829 3454 ejus
1842 3376 1893 3433 ule

328 3483 437 3557 quidem
452 3483 651 3541 rationabiliter
662 3482 764 3541 dixisse
777 3482 955 3541 eonstitnom.
971 3483 1042 3554 Quid
1058 3484 1131 3543 enirn
1183 3490 1254 3534 nunc
1268 3484 1395 3549 erasque
1413 3477 1439 3532 in
1460 3478 1609 3534 saeculum!
1630 3477 1703 3550 Ergo
1717 3493 1766 3534 non
1781 3469 1892 3547 paellae

328 3588 405 3634 anta
422 3578 502 3634 nobis
519 3592 641 3650 congrue
662 3577 837 3646 tractabitur,
855 3588 902 3635 aut
923 3579 957 3636 ab
979 3578 1034 3636 illis
1059 3587 1133 3637 reete
1183 3570 1374 3642 prophetatum
1385 3571 1489 3641 Videris
1503 3587 1581 3644 a(lli
1598 3571 1745 3645 lf⁰l¹¹⁰²i³>
1758 3558 1890 3627 lilium

332 3670 434 3726 dietum
450 3669 666 3740 existimabitur,
687 3685 750 3727 cum
764 3684 849 3740 aquas
865 3670 1025 3738 laudantes,
1037 3672 1132 3729 uiden·
1182 3666 1233 3725 bit.
1252 3668 1375 3741 sequens
1387 3668 1470 3742 igitur
1485 3679 1542 3741 est,
1557 3679 1586 3727 ιιι
1596 3682 1748 3743 quaeramus
1766 3667 1789 3723 in
1800 3658 1893 3737 quedl

329 3770 389 3829 tes,
413 3762 557 3832 timentes,
577 3771 605 3820 et
629 3762 789 3835 plaudentes
821 3764 947 3821 naauibus
973 3765 1129 3836 audiemus,
1182 3757 1497 3821 rumratioeonueuiat

328 3852 434 3929 uisi(a)
450 3870 484 3913 cx
506 3855 712 3913 auetoritatibus
731 3854 931 3930 scripturarum
950 3860 1129 3931 earumdem,
1217 3856 1245 3914 il.
1259 3854 1337 3912 Meus
1354 3856 1460 3912 liomiai
1484 3855 1612 3913 Ecclesia.
1633 3855 1748 3914 Gloriatur
1764 3839 1894 3926 quantuli

327 3949 380 4007 sub
391 3964 522 4022 aquarum
542 3948 652 4006 nomine
672 3950 744 4006 aliud
768 3949 912 4023 signiticari
926 3950 997 4025 quod
1019 3950 1130 4009 alterius
1181 3948 1309 4019 lapidem,
1324 3958 1348 4004 tt
1361 3964 1393 4005 ea
1412 3950 1499 4022 lapide
1511 3951 1538 4005 in
1556 3959 1678 4007 attenuent.
1700 3978 1735 3991 -
1747 3948 1777 4004 lit
1785 3932 1893 4017 quidmst

325 4042 363 4102 sit
375 4044 483 4117 generis
502 4044 706 4100 monstremus?
727 4042 754 4100 id
769 4043 874 4102 scilieet
891 4044 964 4117 quod
978 4046 1017 4101 sit
1038 4046 1130 4105 uirum
1181 4058 1256 4102 unum
1281 4042 1551 4102 animaduertendum
1578 4051 1637 4112 esi,
1664 4062 1717 4101 non
1741 4040 1828 4099 alterius
1847 4025 1894 4089 aab

328 4151 361 4194 ac
382 4136 518 4205 sentiens,
540 4134 616 4193 etad
638 4134 678 4193 rei
693 4136 904 4211 uniuscuiusque
923 4137 1055 4211 judicium
1080 4154 1131 4198 suo
1181 4151 1261 4210 quam
1276 4136 1453 4195 Siculactam
1473 4139 1650 4196 mentionem.
1665 4138 1782 4211 Legimus
1799 4131 1894 4189 erinna

328 4240 404 4289 motu
415 4246 554 4302 sensuque
568 4247 598 4288 sc
624 4247 801 4304 permovens:
817 4233 890 4305 quod
910 4248 971 4291 esse
985 4234 1068 4292 bento
1088 4236 1130 4293 in·
1180 4239 1236 4287 tem
1251 4232 1433 4290 essebonum
1451 4232 1488 4307 (a)
1507 4242 1536 4291 et
1547 4232 1675 4303 Clroreb,
1692 4232 1805 4307 usquead
1818 4216 1894 4298 querps

328 4323 475 4396 telligitnr,
490 4323 619 4394 laudans,
635 4324 746 4394 uidens,
762 4325 880 4392 timens,
897 4327 1045 4398 plaudens,
1056 4328 1129 4399 judi-
1181 4342 1254 4383 mum
1274 4326 1383 4401 llepses
1402 4344 1463 4387 eum
1486 4329 1570 4387 ruulta
1593 4330 1714 4397 obisset,
1738 4324 1832 4385 aeemsit
1850 4316 1894 4389 (bu

333 4429 409 4471 cans.
423 4414 488 4473 llaee
499 4416 571 4474 enim
588 4417 713 4474 humanae
727 4415 880 4475 allectionis
894 4434 994 4491 genera
1009 4420 1036 4477 iu
1051 4423 1129 4495 aquis
1180 4436 1220 4492 ru,
1234 4422 1278 4497 ¹)²
1293 4437 1355 4480 esse
1375 4433 1403 4481 et
1418 4432 1538 4481 moralem
1554 4424 1661 4481 llomini
1678 4424 1755 4490 Sina,
1768 4422 1791 4477 in
1802 4406 1894 4490 „oppia

328 4521 390 4565 esse
404 4509 676 4582 sermoproplreticus
688 4510 789 4569 edidit:
801 4514 988 4585 quorumquia
1001 4514 1029 4571 in
1044 4530 1127 4588 aquas
1141 4500 1168 4562 Ῑ)
1181 4516 1226 4573 lex
1244 4517 1347 4588 scripta
1369 4516 1416 4574 sit.
1431 4517 1480 4573 Est
1501 4526 1529 4575 et
1558 4517 1625 4575 Sion
1650 4532 1727 4574 muns
1751 4504 1895 4597 superintuli?⁵

329 4610 425 4657 natura
439 4616 494 4658 non
515 4602 658 4673 monente,
680 4619 733 4662 nee
751 4605 884 4678 propbeta
897 4606 934 4664 de
955 4608 1031 4679 aquis
1045 4607 1127 4683 452
1174 4608 1337 4667 ierusalem.
1350 4608 1405 4668 Sed
1416 4608 1479 4682 quia
1491 4608 1517 4665 iu
1531 4610 1602 4666 laune
1614 4606 1804 4683 montanum
1813 4594 1895 4688 ,sapiat

328 4694 445 4765 dixerit,
458 4711 570 4755 neonus
582 4697 617 4755 de
641 4698 719 4771 aquis
739 4698 841 4756 diemm
856 4700 1047 4773 intelligamus.
1062 4702 1128 4759 llaee
1179 4701 1268 4759 nullus
1276 4709 1318 4759 est
1327 4699 1429 4760 tructus
1438 4701 1595 4771 ,ridendum
1606 4683 1895 4773 estquidinnoneiadit

327 4797 439 4862 propter
452 4804 501 4860 ea,
515 4806 576 4862 qoae
590 4790 757 4865 inpraesenti
771 4793 878 4866 psalmo
892 4802 972 4862 suut,
985 4796 1128 4853 retractari
1177 4786 1314 4869 oporte'at.
1331 4796 1364 4853 Et
1375 4796 1508 4853 babemus
1525 4796 1659 4868 optimum
1681 4792 1838 4867 intelligentia
1848 4782 1895 4839 ltu·

327 4884 474 4954 contenit,
491 4900 553 4957 quae
564 4885 628 4942 talia
640 4896 714 4943 suut.
1180 4890 1299 4947 Esaiam.
1315 4888 1383 4946 Nam
1400 4904 1461 4946 curn
1472 4890 1598 4963 superius
1622 4898 1739 4947 montem
1763 4866 1895 4943 denuntiari

362 4976 391 5033 2.
413 4976 620 5036 Littcraetensut
633 4979 675 5035 bic
694 4980 744 5037 sili
764 4998 818 5038 noo
829 4982 999 5041 coimm-
1011 4980 1095 5041 lens.
1113 4984 1125 5043 l
1182 4998 1243 5041 sum
1256 4982 1451 5055 significasset,
1479 4982 1512 5039 ad
1526 4998 1606 5053 quem
1627 4992 1720 5055 gentes
1740 4988 1837 5037 uentura
1852 4968 1895 5022 aaut

328 5077 356 5127 el
374 5069 402 5125 2.
428 5070 479 5139 Qui
502 5071 636 5143 confidunt
654 5072 682 5127 itt
706 5070 834 5140 Domino,
857 5077 924 5130 sicut
947 5092 1021 5131 mous
1041 5074 1108 5133 Sion
1119 5093 1130 5146 ,·
1182 5074 1269 5149 lbani.
1281 5091 1318 5145 tt,
1334 5075 1385 5148 Ξ),
1409 5077 1468 5133 ait:
1494 5074 1605 5150 Propter
1619 5077 1668 5133 lroe
1686 5076 1721 5131 tie
1741 5073 1793 5129 didi
1812 5062 1895 5123 panitur

227 5235 236 5251 l
326 5182 379 5223 lton
393 5167 591 5223 commovebitur
602 5167 630 5222 iu
647 5176 771 5223 oelmnum
784 5207 792 5236 ,
807 5168 852 5239 qui
865 5169 964 5226 boillot
976 5171 1005 5226 in
1019 5170 1130 5228 duasn-
1182 5171 1250 5227 Eece
1266 5172 1339 5228 mitto
1357 5172 1385 5227 iu
1402 5170 1569 5245 {undameota
1591 5169 1658 5228 Sion
1675 5168 1777 5243 lapident
1788 5160 1894 5239 precinui

327 5262 503 5343 isnellardus
516 5263 545 5318 in
557 5260 669 5318 circuitu
684 5263 752 5334 ejus.
766 5261 871 5320 Nomen
886 5264 988 5321 montis
1002 5263 1084 5335 Sion,
1101 5274 1130 5323 et
1181 5265 1309 5334 electum,
1323 5264 1490 5339 ungularem,
1514 5264 1654 5336 pretiosum
1677 5266 1703 5319 iu
1717 5260 1849 5334 {ormnem
1857 5248 1895 5318 ,jau

327 5409 432 5459 tantum
444 5408 554 5458 nostras
569 5399 695 5473 regiones
714 5401 859 5476 incolunt,
876 5407 972 5478 quales
993 5404 1128 5475 hirundo,
1217 5403 1299 5490 (oilla
1319 5420 1376 5479 reg.
1392 5422 1444 5465 ms.
1469 5406 1513 5464 bie
1533 5420 1587 5463 non
1602 5414 1690 5462 exstat
1701 5418 1777 5471 noue,
1789 5407 1850 5468 neque
1862 5379 1894 5440 talu

329 5484 372 5530 ort
393 5490 419 5538 a,
435 5482 487 5529 etc.
1181 5476 1234 5534 nist
1249 5480 1334 5535 semel
1345 5495 1421 5537 uum.
1435 5480 1463 5537 5.
1851 5535 1855 5545 ,

365 5490 393 5618 ὦ
412 5543 459 5601 Sic
468 5556 535 5602 mss.
548 5546 584 5601 At
602 5547 707 5614 excusi,
720 5548 917 5605 munerantes.
1218 5548 1254 5634 (a)
1271 5547 1300 5606 lu
1321 5566 1375 5609 ms.
1398 5566 1455 5623 reg.
1472 5558 1495 5606 et
1519 5548 1618 5607 Herm.
1644 5549 1822 5621 Supervacuum
1839 5530 1894 5615 raldtt

366 5617 393 5689 tl
416 5614 575 5684 Editi,illis
596 5618 946 5693 mollegiotemendantut
966 5622 1130 5682 anctoritate
1181 5622 1328 5693 particula,
1340 5631 1375 5682 et.
1389 5622 1484 5696 Neque
1507 5622 1613 5686 lloreb,
1637 5629 1683 5677 aut
1699 5608 1893 5694 ιιιιιιιιιΰιιιι

331 5701 397 5744 mss.
474 5759 480 5771 ·
1180 5692 1304 5763 Choreb,
1325 5695 1352 5752 in
1373 5710 1452 5753 sacro
1470 5703 1546 5754 textu
1565 5702 1676 5751 vocatur
1693 5709 1759 5751 mons
1777 5665 1893 5745 toarno-l

368 5758 405 5831 (o)
416 5758 515 5831 {tegens
525 5758 756 5836 eodet,qarotieas
768 5763 904 5838 redempti.
1181 5763 1327 5826 maerebat.
