4042 6342
281 358 283 364 y
329 276 384 339 830
939 270 1063 332 stttctt
1081 270 1211 332 tttttlbt
1229 269 1383 351 tripedii
1908 279 1940 341 ill

333 391 446 451 luntatis
455 391 537 459 lleus,
554 402 607 447 non
619 387 748 460 praedone
764 392 791 445 et
804 386 903 459 lintace
917 386 1074 459 pertinaciae
1087 388 1167 451 aei
1182 397 1226 445 tur
1236 402 1298 445 esse
1312 387 1468 457 meditatur,
1488 387 1580 459 unalis
1596 386 1657 457 llle,
1673 385 1715 463 (e)
1729 385 1780 460 oui
1798 387 1872 447 alles
1885 391 1939 454 lacu

333 484 422 553 biter;
437 484 485 541 scd
500 483 546 556 qui
560 482 693 539 rationem
707 478 806 536 babeat
815 477 980 535 infirmitatis
991 477 1129 535 humanae:
1183 490 1237 550 est,
1252 482 1301 539 luit
1313 493 1376 541 ante
1387 492 1538 555 peecatum.
1558 484 1613 541 Per
1624 483 1701 557 quod
1718 484 1783 555 quia
1796 499 1846 541 uon
1857 500 1940 547 uonna

333 592 423 651 neque
436 577 480 650 qul
495 576 543 633 lros
552 574 726 632 demutabilis
739 580 842 630 naturae
864 584 965 629 nostru
987 574 1133 645 proruptis-
1183 574 1287 647 sacnti,
1298 575 1347 633 sed
1360 584 1496 650 tamquam
1509 584 1635 635 mortuus
1645 576 1740 633 saecoli
1762 576 1791 633 in
1805 578 1905 637 meurs
1915 594 1939 641 et

333 672 417 729 simos
426 672 518 741 lapsus
529 667 677 727 secundum
692 666 892 724 indemutabilis
906 666 1132 751 substantiaesasae
1183 667 1939 746 collocatus,meditabitursempercetmeditabitursrmpm

333 764 491 825 indeflexam
502 764 680 821 consentium
689 760 834 829 metiatnr;
847 761 895 819 sed
904 762 993 833 jnstns
1003 767 1032 818 et
1041 761 1133 819 mode
1183 761 1246 833 onia
1268 762 1441 835 aanuorum
1451 761 1557 819 tibrum
1572 777 1691 833 memor,
1717 763 1761 837 (dl
1773 767 1823 822 seit
1833 776 1939 838 petru

214 853 221 863 '
332 874 396 917 raus
410 866 514 915 uotum
529 858 563 915 ab
575 857 685 915 bomine
699 864 856 930 exspectet,
879 866 1011 928 qnantum
1032 856 1132 911 menri·
1182 858 1349 928 pressionem
1362 855 1430 928 legis
1441 866 1556 914 nortem
1567 855 1698 915 introisse
1709 858 1825 929 menti.

333 950 404 1009 uerit
417 951 542 1007 hermanus
556 949 639 1007 licere
650 957 764 1005 naturae.
1219 949 1248 1004 'l.
1268 946 1353 1004 flesso
1362 948 1572 1005 muscerdas
1585 948 1635 1005 liei
1647 952 1746 1021 potu.
1761 978 1798 993 -
1810 950 1939 1011 lueoastes

367 1041 395 1099 l.
417 1040 577 1099 innocenter
590 1041 701 1097 leoninis
719 1056 795 1114 quom
810 1040 892 1097 multo
908 1038 1074 1097 insidientur.
1095 1066 1132 1080 -
1183 1042 1256 1117 quod
1270 1052 1298 1101 ct
1317 1057 1423 1101 memor
1441 1044 1613 1115 antiquorum
1634 1042 1756 1112 dierum,
1775 1054 1804 1103 et
1816 1047 1939 1118 momulus

332 1134 368 1193 Et
382 1136 443 1193 ideo
456 1135 571 1205 subjecit
582 1134 618 1192 ad
641 1135 679 1204 id,
706 1133 779 1207 qnod
799 1150 830 1192 se
849 1134 876 1191 in
894 1132 998 1207 justitie
1014 1133 1062 1189 liei
1074 1147 1134 1190 oss·
1184 1135 1235 1192 liei
1256 1134 1403 1193 meditatus
1422 1146 1476 1205 est,
1500 1145 1582 1209 atoue
1605 1136 1796 1205 meditabitur,
1819 1154 1937 1211 anamma

332 1229 479 1297 uitandiri,
492 1229 575 1287 leus.
585 1228 603 1285 Ξ
613 1245 620 1283 :
630 1227 724 1286 Etuon
733 1230 812 1285 isitres
821 1229 849 1284 in
856 1228 1051 1303 judiciumeuos
1061 1240 1133 1283 serso
1184 1244 1234 1301 per
1246 1228 1326 1287 idern
1340 1243 1417 1287 suasu
1430 1228 1557 1301 coperit,
1574 1236 1665 1287 omen
1679 1245 1737 1287 nou
1754 1230 1881 1302 propriae
1888 1246 1938 1289 suns

332 1334 377 1381 tuso
389 1340 399 1379 :
410 1326 532 1397 quianon
540 1324 729 1397 justificabitur
742 1322 918 1396 irseonspectst
938 1332 983 1378 tuo
996 1322 1080 1377 ossuss's
1091 1320 1130 1376 sl·
1183 1338 1255 1391 csse,
1269 1338 1304 1381 ne
1319 1323 1441 1383 insolens
1458 1325 1649 1392 existimetur,
1666 1326 1716 1383 sed
1734 1342 1783 1397 per
1794 1328 1939 1386 assilusla'

331 1436 400 1477 oeus.
417 1418 487 1490 Quid
500 1420 573 1477 enim
588 1420 647 1493 spei
662 1430 714 1486 est,
731 1421 754 1477 si
774 1420 897 1491 iudicare
917 1432 968 1475 uos
982 1415 1131 1475 secuudum
1183 1416 1218 1473 ad
1235 1432 1315 1489 quent
1334 1416 1423 1474 orauit
1435 1416 1488 1475 sibi
1506 1417 1642 1475 indultum
1659 1434 1723 1477 esse
1745 1420 1940 1486 demonstrati

331 1530 362 1573 se
372 1514 443 1573 bons
455 1514 532 1582 relit,
557 1516 579 1571 si
593 1517 628 1571 ad
643 1514 876 1587 comparationem
891 1512 933 1571 sni
948 1512 1010 1569 nitse
1031 1520 1133 1570 nostroe
1183 1508 1353 1578 censitus.
1365 1508 1384 1565 ll
1395 1526 1403 1565 :
1414 1508 1538 1581 dicundi
1548 1513 1821 1569 mosesmeessdte:
1831 1531 1940 1569 mas

331 1609 513 1668 innocentiam
521 1608 834 1683 postulabli.lustillcari
844 1615 934 1666 aulem
946 1609 1132 1679 inconspeeta
1183 1606 1249 1663 sieut
1262 1615 1331 1663 terra
1344 1606 1401 1663 sisse
1412 1622 1490 1678 opusc
1504 1606 1590 1664 Terra
1606 1608 1667 1665 sisse
1682 1622 1754 1681 aqua
1773 1610 1847 1666 arida
1862 1620 1885 1667 et
1898 1610 1940 1667 isl-

332 1701 383 1761 bet
404 1704 465 1775 queis
485 1704 633 1763 sitentium
655 1702 764 1776 potestl
785 1702 829 1760 coi
845 1704 895 1772 ire,
910 1703 953 1759 cui
976 1701 1067 1771 dolor,
1083 1700 1128 1758 cni
1183 1695 1271 1755 cunda
1285 1706 1339 1767 est,
1352 1706 1380 1754 et
1391 1697 1499 1771 irrigari
1516 1714 1579 1757 sese
1594 1714 1706 1771 semper
1718 1701 1807 1759 imbre
1819 1703 1939 1773 pluviem·

331 1794 474 1868 copiditas,
496 1797 539 1855 cui
554 1796 698 1871 ignoratio,
721 1796 765 1853 cui
780 1794 897 1864 obliuio,
912 1794 955 1853 cui
977 1807 1073 1860 casos,
1088 1792 1132 1851 cui
1146 1782 1171 1843 B
1183 1790 1261 1847 lectis
1275 1798 1414 1863 exspectat
1426 1810 1435 1849 ε
1448 1791 1486 1847 ils
1500 1792 1624 1849 etssucti
1634 1792 1727 1849 aalma
1740 1806 1939 1853 uatnnmeoe

332 1889 481 1947 necessitas
494 1889 536 1947 uel
548 1904 597 1961 per
610 1897 734 1946 natanram
749 1888 887 1960 eorporis,
901 1888 945 1945 uel
965 1902 1015 1957 per
1027 1894 1131 1944 mototu
1193 1883 1668 1950 seia,immadeceeresedooodiriui
1676 1886 1781 1959 eloquii
1790 1887 1941 1945 desideretur

331 1982 430 2038 animm
444 1996 553 2053 semper
570 1981 725 2038 fluctuantis
749 1980 867 2038 admixta
887 1979 923 2035 alt
936 1997 943 2033 ε
958 1978 1001 2035 oui
1014 1987 1039 2035 et
1061 1990 1132 2049 ouo·
1180 1993 1235 2051 qno
1248 1978 1353 2053 llopses
1365 1978 1415 2044 ait,
1426 1976 1679 2051 Esspessetsrss'cet
1688 1981 1939 2052 plesiads‘ctnm

332 2072 399 2131 tidie
418 2074 595 2146 gravissimus
619 2074 705 2131 hoelis
728 2074 887 2143 immittent,
912 2068 1133 2144 diubuldum
1182 2084 1207 2133 et
1223 2076 1378 2133 descendum
1391 2076 1511 2132 deutrus
1521 2076 1599 2132 cabo
1611 2092 1680 2143 mett,
1692 2084 1723 2131 ut
1740 2077 1828 2147 plaseio
1836 2092 1940 2147 apuys

332 2165 460 2225 uidelicet
474 2170 571 2225 animae
584 2168 635 2225 riri
650 2167 737 2225 tidelis
751 2165 893 2235 insidians,
916 2178 1032 2237 mutuare
1046 2162 1081 2220 ed
1091 2164 1133 2219 iu·
1182 2170 1398 2239 mes,etesnires
1407 2169 1586 2242 sepeponere
1595 2167 1939 2243 (curmessiacum

333 2260 443 2318 teritum
456 2260 640 2334 persequensl
655 2260 730 2316 flesso
751 2260 823 2317 enisu
844 2255 1130 2323 esseeeusautdoool,
1182 2261 1940 2337 etsirteneanima‚tattproptretieeedoctrtuaeimireffl

332 2366 384 2426 qua
401 2367 481 2409 nemu
493 2353 588 2410 vivens
607 2351 751 2423 jnstidcsri
765 2351 792 2407 in
804 2361 952 2422 conspectu
970 2348 1020 2405 liei
1033 2346 1130 2420 possis
1183 2355 1352 2430 pertunditur·
1369 2373 1376 2410 :
1392 2364 1422 2414 nr
1435 2363 1540 2413 mercna
1555 2355 1683 2427 eujejnae
1692 2355 1819 2412 miuus
1830 2358 1941 2421 mum

333 2445 407 2504 less
420 2448 448 2503 ll.
474 2445 701 2519 Qua'opsrsecattes
720 2454 757 2502 est
778 2444 897 2501 inimicus
910 2444 1024 2499 orimum
1037 2454 1132 2507 mus,
1183 2448 1594 2522 ubereslruetuspraeoeptorum
1610 2449 1819 2522 belcopnitiooe
1827 2450 1940 2505 serim

332 2539 477 2597 humiliarit
488 2540 517 2597 iss
538 2540 696 2597 sororisant
710 2555 804 2605 mom,
821 2538 953 2595 collocarit
976 2552 1018 2594 sae
1039 2536 1069 2592 iss
1088 2534 1135 2591 ob·
1218 2542 1247 2598 8.
1261 2539 1321 2599 Cito
1336 2542 1444 2599 dissolri
1454 2550 1480 2598 et
1492 2558 1552 2597 ctam
1565 2540 1671 2597 Christo
1689 2556 1745 2599 ctus
1760 2551 1830 2613 optet
1849 2541 1940 2613 propin

335 2635 419 2691 seems
442 2634 508 2691 deut
521 2644 638 2691 emrtuos
652 2634 751 2690 meoli.
775 2632 933 2691 Obscurit‘as
943 2646 992 2703 per
1011 2628 1135 2701 corporis
1185 2663 1220 2675 -
1230 2632 1292 2691 lano
1304 2635 1332 2692 iu
1342 2635 1459 2707 bisonas
1475 2643 1626 2706 seponamus
1640 2635 1768 2691 bumana
1786 2634 1849 2691 lldci
1864 2643 1887 2691 et
1904 2648 1941 2690 eu

332 2732 399 2789 sitia
409 2730 557 2789 ellnnditnr
567 2716 578 2791 'a
592 2740 621 2789 ot
632 2744 695 2789 enm
709 2744 758 2802 per
771 2727 873 2786 diaboli
887 2728 999 2801 laqueos
1013 2726 1041 2783 in
1056 2724 1135 2796 cupi·
1187 2728 1313 2787 scientiae
1324 2728 1521 2794 mulessioest,
1535 2743 1584 2800 per
1596 2727 1758 2800 diapsalmae
1769 2728 1941 2785 mtesceoiu

331 2822 431 2881 dilates
442 2824 533 2881 carnis
548 2821 711 2890 incidimus,
725 2837 742 2878 a
760 2820 924 2894 cognitionis
946 2819 1008 2876 luce
1024 2815 1134 2890 depulsi
1184 2821 1351 2893 impatientia
1364 2820 1515 2893 prophetici
1527 2820 1657 2879 desiderii
1669 2829 1834 2878 monsueta.
1856 2806 1935 2877 'insi

333 2914 361 2972 in
376 2916 500 2973 obscuris
512 2915 690 2981 collocamur,
704 2912 845 2986 gentilium
860 2912 981 2971 tenebris
996 2897 1141 2979 demersi,
1188 2912 1315 2974 velociter
1337 2915 1432 2971 naudi
1443 2932 1494 2985 ose,
1519 2912 1639 2982 domins,
1661 2914 1756 2987 &feeit
1776 2914 1875 2985 spiritus
1890 2928 1940 2967 aas.

334 3018 363 3068 et
375 3010 544 3067 secularium
558 3025 671 3082 opernm
685 3018 765 3067 nocte
774 3009 889 3066 detenti.
1183 3007 1272 3067 llorss
1284 3010 1407 3081 corporis
1417 3010 1462 3068 sui
1478 3007 1617 3079 Propbets
1632 3024 1687 3065 non
1703 3009 1804 3079 patitur
1820 3027 1830 3064 ε
1845 3016 1941 3063 ese*

369 3101 398 3160 5.
419 3102 507 3181 Hujus
520 3104 688 3177 lestslrospus'
700 3103 815 3175 appellnt
824 3103 863 3159 ea'r
875 3100 1011 3176 spiritulia.
1028 3130 1064 3143 -
1077 3098 1132 3157 sed
1183 3102 1248 3161 dum
1261 3102 1328 3161 illud
1349 3102 1496 3177 Apostoli:
1515 3101 1630 3159 Dissolvi
1650 3103 1801 3159 oreoselino
1820 3113 1866 3170 est,
1882 3110 1941 3157 elsa

333 3196 530 3269 quantumlibet
544 3211 711 3269 persequens
725 3196 842 3253 annnam
856 3194 990 3263 taunucus,
1007 3202 1036 3253 es
1047 3175 1170 3251 nenne
1186 3196 1355 3253 cremeas
1374 3195 1460 3269 (ens.
1475 3212 1496 3265 t,
1509 3193 1569 3270 es),
1591 3195 1718 3265 nunnae,
1736 3196 1819 3254 usse
1832 3212 1874 3269 qr
1888 3196 1940 3259 sua

334 3289 403 3348 lians
417 3290 443 3345 in
465 3304 580 3362 corpure
594 3299 730 3363 umquam
746 3299 882 3347 mortuum
904 3289 997 3347 seculi
1019 3286 1136 3345 collocet
1185 3292 1244 3367 quia
1257 3306 1298 3347 ese
1310 3289 1427 3347 liberabit
1441 3289 1474 3345 ds
1488 3304 1596 3362 corpore
1618 3292 1712 3344 morde
1733 3290 1812 3361 mss
1829 3286 1903 3363 (liu,
1914 3302 1940 3340 rr.

334 3381 361 3439 in
374 3384 509 3451 obsenro;
525 3383 654 3453 spiritalis
671 3392 762 3440 tamen
776 3382 826 3440 uiri
839 3382 963 3439 anxietas
978 3379 1022 3437 bis
1035 3393 1134 3451 corpo·
1169 3384 1234 3459 il)
1246 3386 1259 3437 i
1272 3398 1301 3443 et
1323 3384 1402 3454 illud,
1425 3382 1494 3451 Qsio
1506 3383 1535 3438 iss
1547 3383 1595 3438 lsoe
1617 3383 1696 3437 soteri
1708 3381 1869 3437 uberuede
1884 3394 1940 3451 usp

333 3475 372 3532 ris
387 3474 505 3532 tenebris
520 3475 559 3550 (a)
576 3490 629 3532 non
653 3483 779 3543 terretur,
801 3483 829 3532 et
851 3488 899 3531 cor
917 3487 999 3545 super
1012 3471 1064 3529 bac
1076 3471 1135 3543 ipsa
1186 3479 1318 3535 misem
1329 3478 1503 3535 desonantes
1515 3475 1678 3546 samsai,
1698 3476 1804 3533 swan
1822 3477 1874 3545 ipae
1889 3475 1941 3529 isis

334 3576 437 3624 naturae
454 3583 511 3625 suso
527 3566 685 3625 indrmltate
706 3568 846 3633 turbatur,
867 3579 1075 3639 repugnansque
1093 3564 1136 3620 tl·
1186 3573 1275 3629 metis
1286 3586 1394 3646 corpore
1408 3570 1506 3642 potitur
1530 3567 1565 3641 (ll
1587 3566 1648 3625 Cor.
1660 3584 1689 3636 u,
1707 3567 1743 3639 2)
1760 3588 1770 3625 ι
1788 3568 1838 3627 sed
1854 3566 1941 3625 soleis

335 3657 380 3716 tiis
389 3659 526 3717 bominem
539 3673 619 3715 suum
634 3660 660 3714 in
677 3658 834 3715 memoriam
849 3658 945 3729 primo
963 3671 1021 3714 suoe
1033 3654 1137 3713 cousti-
1186 3662 1355 3731 remansilii,
1368 3662 1441 3735 quod
1458 3661 1495 3719 ob
1508 3660 1691 3719 delectionem
1702 3660 1942 3733 spirituedeprecstr

335 3838 481 3901 Numenius
502 3855 564 3897 eum
580 3840 708 3897 inimicus
731 3840 758 3897 in
782 3840 908 3898 obscuris
930 3848 1069 3898 mortuum
1082 3855 1137 3899 soe·
1186 3849 1258 3905 eninr
1280 3847 1332 3904 sibi
1354 3846 1476 3918 proderit
1497 3844 1654 3901 exauditum
1676 3857 1740 3901 esse
1762 3845 1898 3911 velociter,
1913 3840 1960 3910 s's'¹

336 3933 401 4003 culi,
422 3933 469 3992 sed
485 3942 620 4007 umquam
635 3942 773 3991 mortuum
789 3932 885 3991 seculi
910 3932 1073 3991 collocavit:
1089 3946 1137 4007 per
1187 3952 1323 4014 tamqnam
1343 3938 1431 3997 ideis
1451 3949 1479 3997 ot
1493 3938 1550 3997 beo
1565 3938 1676 4009 placens
1688 3946 1718 3994 et
1730 3938 1821 3997 beatis
1833 3935 1943 4006 beistdr

335 4029 408 4103 quod
421 4031 533 4089 libertas
549 4030 661 4104 spiritus
675 4044 785 4104 semper
799 4031 826 4088 iu
839 4046 870 4089 se
882 4029 957 4089 aurii
970 4040 1134 4089 reservatur.
1187 4045 1263 4091 turns
1276 4032 1418 4091 excedite
1433 4031 1570 4104 corporet

370 4122 398 4182 6.
417 4121 562 4180 lledt'turstls‘
575 4124 703 4181 molesios.
725 4121 944 4181 Factumunuurst
969 4122 1029 4193 bei,
1045 4124 1132 4180 boote.
1224 4128 1252 4185 ii.
1271 4125 1367 4196 Locus,
1387 4125 1496 4199 pessulis
1517 4126 1599 4182 berse.
1622 4154 1660 4166 —
1682 4119 1959 4183 Etideireoaittlls'

334 4246 370 4261 ·-
382 4215 412 4273 ld
424 4216 638 4290 enimsetpuitur,
647 4216 734 4275 Vsus.
748 4219 766 4276 ὅ
779 4225 807 4275 et
818 4216 836 4273 l
848 4236 855 4275 t
868 4215 902 4275 Et
914 4218 1033 4273 melota
1045 4226 1082 4273 est
1094 4216 1134 4292 (i)
1185 4229 1285 4276 oseem
1305 4218 1398 4291 [edm
1408 4236 1427 4275 ss
1437 4234 1479 4274 stas
1491 4233 1501 4274 .·
1514 4218 1653 4275 ει·εἱηιὶιίι
1667 4234 1712 4274 ero
1735 4212 1945 4275 descsssdessiluu
1958 4175 1959 4262 l

334 4328 412 4383 super
424 4313 583 4384 mespiritsts
594 4327 665 4369 mens
677 4327 687 4368 .·
698 4313 726 4368 iss
740 4311 915 4369 meanrtatsn
928 4320 967 4368 est
979 4327 1024 4369 eor
1037 4326 1132 4369 muas.
1185 4312 1392 4371 lucaniacum
1410 4312 1546 4385 poeueletu
1567 4310 1716 4369 iuleroruut
1740 4312 1831 4370 locon
1847 4309 1959 4380 Sen'plfl}

336 4402 437 4461 ,Memor
447 4406 485 4479 soi
497 4405 599 4461 doum
610 4406 793 4477 antiquorum,
815 4404 952 4461 meditatus
967 4421 1024 4461 sum
1037 4404 1068 4460 iss
1078 4420 1134 4461 ona·
1185 4405 1471 4465 commemoratsutiu
1481 4404 1526 4463 luis
1536 4406 1648 4477 psalmis
1657 4407 1718 4464 sit:
1736 4405 1787 4473 las,
1800 4402 1945 4469 bouum*

335 4499 410 4557 rsidtss
424 4500 612 4572 operibatttssis,
625 4499 652 4554 ist
665 4499 741 4571 {ostis
761 4510 1002 4557 muasumltsurstrst
1021 4498 1133 4555 medito-
1190 4499 1335 4557 budniulr
1360 4501 1465 4573 issem
1484 4504 1600 4557 minam
1622 4516 1718 4568 nouam
1742 4496 1958 4569 mauult

335 4591 390 4649 ior.
407 4592 466 4650 Scit
478 4592 564 4651 Adam
577 4610 593 4651 a
606 4590 717 4649 diabolo
726 4602 855 4665 captum;
872 4602 899 4651 et
913 4592 1017 4651 ideirco
1029 4607 1136 4675 mensos
1148 4576 1175 4640 D
1187 4591 1310 4666 salvasti)
1338 4610 1355 4647 o
1375 4592 1586 4650 domdmdim
1604 4594 1632 4650 in
1645 4594 1731 4649 loeuss
1744 4594 1833 4669 (Paul.
1845 4608 1908 4655 ιω.
1919 4588 1945 4653 lt

334 4692 378 4743 est
390 4685 562 4758 antiquorum
577 4684 695 4743 dierum.
715 4684 773 4743 Scit
794 4700 856 4743 eum
871 4701 920 4759 per
940 4687 1133 4758 transgressio·
1185 4686 1256 4760 Ergo
1278 4685 1331 4743 nisi
1352 4685 1434 4745 iacies
1460 4686 1518 4757 bet,
1540 4686 1589 4760 qui
1610 4690 1704 4760 utiquc
1725 4688 1848 4745 cbristus
1860 4678 1958 4760 Μ’.

333 4790 396 4835 uem
418 4775 485 4847 lepis
503 4776 657 4833 constituto
670 4785 699 4834 et
715 4790 731 4833 a
746 4776 972 4847 promissionibus
991 4777 1043 4835 Dei
1058 4788 1087 4835 et
1099 4778 1134 4835 ab
1185 4778 1275 4852 imago
1289 4778 1336 4837 bet
1350 4779 1498 4837 invisibills
1520 4783 1573 4847 est,
1588 4780 1736 4852 unicuique
1747 4788 1841 4838 nncw
1850 4772 1957 4856 adiab

333 4868 452 4927 incolatu
466 4868 583 4941 paradisi
606 4868 754 4937 excidisse,
769 4879 797 4927 et
811 4870 872 4927 ideo
893 4884 1000 4929 mercor
1013 4879 1134 4945 estope-
1184 4874 1238 4931 erit
1263 4872 1319 4930 illis
1341 4872 1452 4944 similis,
1476 4874 1524 4945 oui
1548 4888 1638 4945 poeuae
1652 4874 1750 4931 inlerui
1761 4863 1957 4946 deputadeifl‘

333 4984 393 5025 rum
405 4968 463 5025 liei.
473 4966 530 5025 Scit
541 4981 594 5023 noo
609 4965 735 5025 suilluere
745 4981 780 5024 es
790 4966 928 5038 praeterito
940 4966 1133 5038 innocentiam,
1186 4966 1238 5024 bae
1249 4967 1309 5025 siue
1320 4982 1372 5035 spe
1383 4967 1483 5038 quietis
1497 4967 1674 5025 excesserint

289 5049 294 5063 ¹
332 5061 379 5119 sed
402 5062 512 5119 beatum
535 5073 596 5117 esse
610 5058 657 5131 qui
672 5072 756 5131 usque
771 5058 797 5113 in
816 5056 898 5115 linem
920 5057 1052 5116 innocens
1073 5072 1135 5117 esse
1221 5060 1266 5117 ill.
1288 5060 1509 5118 domesticasse
1519 5056 1946 5135 sperneremus-sedere·

332 5154 529 5229 permanseritr
544 5162 573 5210 ct
587 5151 649 5209 ideo
662 5150 689 5207 in
709 5150 790 5208 lactis
804 5150 851 5208 liei
869 5164 996 5209 munuum
1020 5151 1134 5209 medita·
1185 5166 1233 5208 sua
1248 5151 1385 5224 Propheta
1400 5167 1454 5209 non
1478 5152 1602 5224 antbipt,
1626 5168 1715 5225 neque
1727 5162 1801 5211 extra
1814 5144 1956 5224 euangelii!¹

271 5282 275 5289 ·
332 5246 414 5306 bitur.
434 5247 516 5305 sacta
529 5259 659 5304 mannum
679 5242 726 5299 lici
747 5243 829 5302 bomo
847 5242 906 5317 ipse
918 5254 962 5303 est
974 5261 983 5302 s
997 5246 1044 5316 qui
1058 5254 1134 5316 post·
1185 5244 1339 5305 securitstis
1355 5245 1479 5305 lidoeietu
1502 5256 1555 5304 est.
1571 5246 1708 5318 Tempore
1728 5245 1839 5319 quidem
1853 5245 1904 5313 ipse
1917 5229 1956 5290 θ’

331 5358 412 5417 quam
426 5342 558 5416 peccarit,
572 5338 676 5413 peccati
686 5352 781 5396 eertum
792 5338 907 5397 ellectus
919 5348 973 5398 est.
993 5336 1070 5396 Talis
1083 5337 1135 5410 ipi-
1185 5340 1279 5411 terior,
1290 5340 1344 5398 sed
1356 5340 1384 5397 iu
1398 5341 1495 5414 spirim
1509 5340 1653 5413 apostolici
1664 5340 1752 5414 psudii
1768 5340 1808 5414 (e)
1823 5338 1947 5413 purtioelli

368 5525 396 5672 {a
425 5522 575 5581 ludl‘ar.
590 5521 744 5579 corstiaelur.
1222 5518 1262 5670 πὶ
1273 5520 1303 5580 ln
1313 5518 1651 5596 rnmtts‚m0nss,1,0
1687 5506 1948 5587 emptast-receti·

384 5598 398 5653 l
456 5594 725 5679 curenno...
1281 5596 1595 5679 ripacorcensem.
1613 5588 1955 5699 tartarerostortesrff

368 5672 407 5743 (c)
425 5668 491 5725 liud.
508 5680 534 5725 et
554 5666 601 5723 En.
616 5664 759 5751 quubsalle
780 5662 1008 5793 adeodaddidit
1027 5665 1127 5725 delude
1146 5744 1153 5751 .
1185 5683 1261 5741 cepe,
1284 5670 1412 5729 nimirum
1427 5666 1561 5751 Propheta
1574 5684 1582 5722 t
1595 5664 1669 5748 quod
1683 5673 1768 5719 autem
1789 5668 1945 5730 sequrm„

333 5736 396 5797 Par.
409 5740 464 5815 pne)
483 5740 565 5812 [odes
583 5740 644 5809 sert,
657 5751 758 5795 omisso
771 5748 818 5807 est,
834 5751 871 5809 qu
925 5751 958 5797 es
981 5751 1127 5811 msssup
1185 5738 1323 5811 apostolos
1342 5738 1561 5821 relestur,·qoass
1583 5751 1658 5807 psans
1679 5732 1857 5805 apostolorum
1878 5730 1951 5799 sub

337 5810 450 5879 illimus·
1187 5808 1489 5883 oonupestolieipssrlsi
1502 5811 1671 5881 moduinum
1683 5812 1762 5863 esset

1949 6035 1955 6286 l
