4042 6342
309 309 361 374 lus
803 305 848 368 ott
866 302 1135 368 latnstntlotte
1153 301 1277 370 sillem
1296 303 1429 368 uutatt
1895 312 1939 372 ibi

306 430 345 488 ris
358 437 436 490 reatu
449 427 590 504 perculsus
601 439 663 490 cst:
689 425 837 499 vidensque
849 427 901 484 sibi
913 442 928 482 a
940 427 1031 484 radice
1044 442 1102 484 soe
1114 431 1141 496 Α
1153 436 1217 493 rat,
1240 425 1299 500 ipsa
1310 427 1335 485 ei
1350 429 1408 484 visa
1420 435 1463 484 est
1484 439 1646 502 repugnare.
1662 424 1719 486 Sed
1732 426 1805 486 inter
1817 427 1872 486 bac
1886 431 1937 487 illst

307 524 482 582 conscientiae
506 535 587 581 tanlae
598 522 770 595 turpitudinis
780 521 923 593 opprobria
937 522 1104 592 pullulasse,
1156 520 1285 578 admouet
1300 518 1391 593 potius
1407 530 1437 576 ut
1451 519 1581 593 dicatur,
1606 522 1634 578 iu
1648 520 1753 579 virtute
1776 521 1937 593 contenis,

306 622 335 674 et
348 617 375 673 ln
388 617 484 676 taciem
506 633 582 676 suam
594 616 705 674 occultae
721 614 883 688 cognitionis
897 614 1016 671 lacloovs
1030 630 1107 673 veve-
1158 629 1225 686 quas
1238 614 1349 672 deducit
1361 630 1424 672 cera
1438 613 1563 673 bamtuss
1585 615 1741 674 extinxisse
1755 657 1765 682 ,
1791 625 1819 671 et
1830 631 1939 672 converso

305 707 360 764 lata
372 705 519 781 adspexit,
534 707 739 776 considerauit,
772 707 902 780 ingemuit
927 705 1107 763 etllevit:ut
1157 706 1532 779 urdineilludaquovorari
1545 707 1652 779 potuit,
1670 706 1848 780 praelocasse.
1863 707 1939 764 niver·

305 801 402 858 saltem
430 801 611 878 lacrymarum
639 799 714 858 lunte
739 801 846 873 rigante
870 799 1007 868 dilueret,
1033 800 1106 870 quod
1157 800 1312 870 ssespecics
1334 815 1411 856 susm
1426 801 1567 856 viscsunt
1580 807 1707 857 naturam
1721 805 1861 856 meuse:
1881 810 1940 856 etse

305 895 387 954 corde
397 895 569 966 delinquente
579 894 702 952 loevlanit.
718 895 769 962 Qui
782 903 877 968 postea
892 893 994 965 majora
1009 894 1108 950 obtulit
1157 890 1221 964 quid
1234 890 1356 947 incendia
1368 891 1520 960 lederent,
1542 892 1652 964 pallium
1665 907 1716 964 pro
1727 906 1863 948 marmore
1873 934 1880 961 ,
1892 908 1940 951 cera

304 1000 416 1047 evectus
427 1032 436 1058 ,
449 1004 518 1046 cera
527 989 630 1061 judicio
643 990 801 1062 castigante.
1158 984 1210 1041 luit
1228 1000 1277 1056 pro
1288 983 1409 1043 lumine.
1436 987 1490 1043 Scd
1502 997 1632 1056 quantum
1642 995 1688 1044 est
1699 987 1775 1058 apud
1798 986 1871 1042 iilum
1884 989 1941 1044 cerci

340 1082 385 1140 11.
402 1081 497 1139 Gneus
508 1093 581 1138 nocte
592 1082 699 1138 amendi
709 1083 812 1136 solitus.
826 1079 940 1136 -ltem
956 1095 1017 1136 cum
1029 1079 1106 1152 juata
1158 1077 1249 1133 lumen
1274 1079 1456 1149 extinguere,
1481 1079 1527 1150 qui
1542 1092 1679 1136 meorum
1700 1080 1797 1135 inntens
1819 1079 1941 1135 accendit

304 1176 525 1234 consuetudinem
539 1175 656 1247 quadam
672 1184 752 1232 nocte
778 1189 874 1232 cereus
888 1173 925 1230 ibi
938 1173 1107 1230 illuminatus
1158 1169 1213 1226 bot
1224 1183 1286 1226 cum
1299 1167 1333 1224 ad
1343 1169 1455 1226 alterius
1469 1169 1610 1228 cadaveris
1636 1171 1810 1243 sepulturam
1823 1173 1941 1229 ‹cotomo

303 1271 400 1328 luisset
416 1312 424 1340 ,
439 1284 504 1327 casn
526 1284 609 1345 super
632 1269 787 1342 sepulcrum
810 1269 872 1339 ejus
889 1307 896 1332 ,
911 1268 956 1338 qui
973 1269 1106 1324 interces-
1158 1259 1247 1334 ignem
1260 1263 1448 1334 redintegrat,
1462 1277 1545 1336 quam
1557 1261 1637 1321 tacite
1661 1265 1805 1321 credimus
1825 1263 1858 1319 de
1871 1264 1941 1336 sepul

303 1365 380 1422 sione
391 1379 439 1422 sna
447 1362 487 1438 (1)
500 1373 621 1420 mortuos
633 1362 761 1430 vivificat,
776 1361 875 1418 urdene
884 1361 987 1418 corruit
1001 1379 1008 1416 :
1028 1361 1065 1416 ita
1077 1367 1108 1417 nt
1157 1370 1206 1412 cro
1220 1355 1329 1428 pmprio
1344 1367 1372 1411 vn
1385 1353 1509 1412 dammas
1523 1357 1664 1428 expellant

302 1474 384 1531 super
395 1456 549 1523 mafortem,
562 1470 617 1528 quo
627 1455 736 1521 cecidit,
747 1455 806 1512 sinc
819 1455 930 1511 lesione
942 1453 1032 1524 aliqua
1045 1466 1108 1524 per·
1194 1451 1238 1507 15.
1252 1449 1358 1507 Vellem
1371 1449 1460 1507 adlruc
1470 1451 1613 1508 insatiatus
1622 1451 1806 1510 sacratissimi
1820 1451 1869 1508 viri
1881 1451 1942 1510 mim·

303 1555 424 1612 arderet.
438 1550 507 1609 Nam
521 1553 549 1608 iu
564 1559 695 1623 quantum
711 1549 762 1605 luit
774 1549 846 1605 cerei
859 1545 1000 1618 longitudo
1014 1589 1023 1614 ,
1043 1560 1106 1602 cera
1158 1544 1220 1602 cula
1232 1545 1308 1617 quasi
1320 1545 1495 1618 peculiariter
1506 1545 1662 1616 decantare
1677 1547 1728 1604 sed
1739 1563 1840 1605 vereor
1849 1548 1942 1604 111111

300 1647 396 1721 jacens
412 1647 521 1704 inventa
534 1655 576 1702 cst
600 1660 704 1718 papyro
729 1650 911 1712 consumpto:
938 1653 1068 1713 tanquam
1083 1639 1107 1696 si
1158 1651 1247 1692 meam
1260 1636 1341 1709 cupio
1351 1636 1522 1693 devotionem
1532 1639 1689 1707 ostendere,
1701 1639 1942 1696 auditorisanimuo
1979 1676 1980 1679 κ

303 1740 450 1800 confinium
465 1755 528 1798 cera
554 1739 610 1812 ipsa
623 1738 731 1795 lecisset
745 1736 818 1794 iuter
828 1737 917 1808 ignem
927 1743 955 1792 et
970 1733 1105 1806 pallium,
1158 1725 1268 1784 fastidio
1280 1739 1410 1786 nascente
1423 1729 1517 1787 videar
1530 1729 1668 1788 obturare.
1684 1732 1723 1786 lla
1734 1731 1804 1786 mibi
1818 1773 1827 1800 ,
1840 1732 1897 1804 pie,
1909 1748 1943 1788 re·

304 1847 334 1895 ut
343 1835 377 1895 ab
397 1836 455 1910 ipsa
471 1833 638 1893 inveniretur
660 1831 790 1901 delendi,
822 1847 870 1903 per
880 1845 961 1903 qnam
975 1829 1108 1901 potuisset
1121 1847 1147 1907 Β
1160 1823 1232 1877 ulam
1246 1821 1281 1878 de
1293 1831 1383 1879 textus
1394 1822 1472 1893 isitius
1487 1824 1630 1894 parvitate,
1645 1824 1679 1880 da
1693 1825 1772 1880 casui
1785 1826 1890 1895 culpam
1901 1841 1907 1890 ;
1919 1839 1943 1880 rt
1979 1852 1980 1855 =

304 1929 391 1988 ,gog-t,
408 1927 546 1986 ,aagendam
557 1925 729 1984 pellendum,
756 1921 790 1982 lit
803 1923 961 1980 1111111111
971 1920 1110 1978 contesso-
1160 1911 1224 1968 dum
1235 1911 1356 1970 bominis
1368 1917 1449 1986 cupio
1462 1917 1548 1972 vitare
1564 1915 1671 1973 lastidia
1688 1960 1697 1987 ,
1714 1917 1813 1975 uidear
1829 1921 1943 1974 incurrere

306 2021 343 2078 ris
352 2030 702 2094 precepimquamsemper
715 2015 768 2074 scit
776 2015 892 2073 subdere
903 2013 954 2089 (1),
963 2012 1008 2070 bic
1018 2027 1109 2070 ccv-am
1160 2003 1328 2062 contessoris
1340 2005 1471 2063 offensam
1481 2049 1490 2075 ,
1500 2007 1535 2065 de
1547 2025 1602 2078 qno
1620 2011 1718 2082 exigua
1732 2011 1877 2077 dicerem,
1890 2012 1908 2066 si
1919 2010 1943 2065 li·

311 2113 380 2188 ignis
392 2113 504 2184 expavit
519 2153 526 2180 ,
542 2122 571 2170 et
587 2126 668 2185 qnam
680 2110 707 2168 in
718 2109 832 2166 ardendi
844 2108 973 2164 atrxilium
985 2121 1110 2180 sumpse·
1160 2095 1226 2155 bms
1250 2098 1400 2169 implerem.
1424 2098 1479 2157 Sed
1495 2117 1629 2173 presumo
1643 2101 1760 2174 plurimo
1776 2101 1813 2160 de
1826 2111 1853 2160 te
1875 2105 1942 2160 minvs

1160 2190 1267 2259 dicere,
1280 2201 1309 2247 ut
1318 2193 1352 2248 de
1362 2203 1389 2248 te
1402 2191 1495 2265 legere
1508 2195 1634 2266 pupulum
1644 2194 1768 2253 brevitas
1782 2195 1941 2269 plusinvitet:

344 2250 386 2324 (1)
401 2250 496 2314 Abest,
511 2257 625 2306 mortuos
639 2263 653 2304 a
669 2262 735 2306 mss.

332 2326 386 2452 ⁶¹2)
406 2319 972 2396 Apud3„stgicadffiwmmmmm
984 2318 1107 2404 mm
1161 2286 1309 2344 ausiliante
1333 2287 1448 2345 Dourion
1484 2289 1541 2347 beo
1561 2298 1655 2348 oustm
1686 2306 1760 2348 nnuc
1785 2301 1815 2350 et
1835 2308 1941 2365 scalper,

305 2393 706 2535 luttltlcltllftt.
723 2393 809 2463 Μ’
831 2391 1110 2465 ”’””““””“”·””’
1162 2377 1260 2434 ‘¹⁰⁰⁰‘

594 2703 675 2790 DE
703 2699 1168 2864 Tanusbautpttta
1187 2702 1671 2850 811Ν13Τ1Ι111111111Π,

897 2825 1349 3000 scampinam-‚scitne
1426 2871 1458 2880 ”’

1108 2950 1167 2961 -.-
1191 2945 1196 2952 ¹

344 3135 370 3194 1.
386 3133 557 3195 Gaudeamus
571 3139 599 3192 ct
612 3127 779 3198 exultemus,
794 3123 979 3196 dilectissimi,
994 3126 1060 3184 dum
1074 3125 1108 3183 ad
1160 3125 1247 3186 leticie
1260 3129 1363 3189 oraculi
1378 3129 1513 3205 legatione
1533 3131 1690 3206 perfunctos
1704 3151 1757 3192 rex
1770 3134 1912 3194 elementer
1921 3147 1942 3188 ac

307 3229 450 3290 recolenda
473 3229 543 3286 beati
568 3225 662 3284 llilarii
683 3223 809 3282 sublimia
831 3223 927 3278 merita
950 3219 1109 3278 solemniter
1162 3225 1278 3300 benigue
1297 3231 1436 3301 suscepit,
1460 3229 1554 3300 eisque
1575 3229 1717 3301 magnilica
1737 3231 1824 3304 regie
1843 3228 1941 3288 liberal·

307 3325 496 3384 convenimus.
512 3319 570 3394 ipsa
585 3320 685 3394 quippe
699 3333 749 3374 nos
762 3316 876 3387 insignis
889 3313 1010 3372 vocabuli
1024 3313 1112 3385 digni·
1161 3321 1223 3376 tatis
1236 3337 1347 3378 munera
1360 3323 1483 3379 cumulis.
1507 3327 1528 3381 b
1542 3323 1723 3382 fundamentis
1740 3341 1811 3398 ergo
1828 3335 1941 3382 monaste·

308 3424 349 3474 tas
363 3424 508 3490 provocat,
524 3425 555 3470 ut
569 3427 647 3470 mens
660 3417 751 3468 nostra
765 3408 878 3492 spiritali
891 3408 981 3465 laetttto
994 3405 1109 3477 allecta,
1161 3412 1232 3470 rium
1250 3428 1299 3485 per
1314 3414 1429 3471 latomos
1442 3429 1475 3472 ac
1489 3417 1676 3473 cementarios
1689 3416 1781 3474 denuo
1802 3425 1941 3475 constmes·

306 3509 482 3582 plausibiliter
497 3507 652 3566 hilarescat.
668 3505 759 3564 liiltilo
774 3506 863 3562 utittus
882 3512 911 3560 et
931 3505 982 3561 buc
998 3503 1109 3576 dignum
1162 3515 1214 3576 tes,
1236 3518 1265 3564 et
1286 3508 1477 3578 pollucibiliter
1496 3510 1687 3581 instaurantes,
1709 3513 1832 3570 ministri
1860 3507 1942 3568 bonu

306 3610 363 3668 etl.
387 3613 416 3659 ut
430 3601 494 3658 dum
516 3601 588 3659 besti
607 3599 658 3656 viri
682 3597 885 3656 translationem
904 3595 1036 3663 colimus,
1057 3593 1109 3666 ipsi
1162 3610 1216 3657 tam
1229 3601 1276 3658 din
1287 3603 1386 3676 creptis
1399 3602 1526 3660 indefessi
1541 3603 1679 3661 laboribus
1690 3604 1864 3673 institerunt,
1877 3604 1941 3660 love

307 3709 415 3769 quoqne
434 3703 539 3754 metues
553 3704 659 3753 rtostras
677 3708 694 3748 1
713 3693 828 3750 terrenis
846 3690 987 3749 desiderils
999 3691 1034 3748 ad
1053 3705 1110 3749 ctu-
1159 3709 1213 3749 non
1226 3694 1307 3751 modo
1319 3694 1455 3766 surgentis
1466 3702 1609 3752 structure
1623 3695 1774 3752 rnaebloanv
1788 3697 1827 3754 ad
1839 3709 1942 3753 conns

308 3789 386 3848 lestis
400 3789 608 3848 transieramus:
619 3797 650 3844 ut
661 3787 725 3844 dum
738 3785 845 3858 glebam
855 3787 977 3857 corporis
987 3785 1059 3856 eius,
1067 3793 1109 3843 te·
1160 3787 1306 3845 mationem
1319 3803 1406 3859 usque
1417 3789 1607 3856 perducerent,
1615 3787 1664 3846 sed
1676 3789 1757 3844 etiarn
1769 3790 1902 3862 utrimque
1912 3801 1942 3856 pe

308 3895 443 3952 uuemque
456 3879 635 3954 pulvisculum
658 3889 733 3936 lanto
752 3879 873 3952 praelcrrl
894 3875 964 3950 apud
983 3877 1109 3936 bomiues
1160 3881 1262 3948 rietes,
1277 3880 1329 3937 boc
1341 3891 1402 3950 est,
1418 3881 1490 3937 intus
1502 3890 1530 3938 et
1541 3880 1710 3938 extrinsecus
1721 3879 1856 3938 radiantis
1868 3875 1941 3936 111111

307 3973 619 4045 lronoreconspicimus,
635 3980 763 4046 qnantum
781 3969 875 4043 glorie
894 3970 1107 4044 paudusiocte·
1159 3974 1259 4032 decore
1282 3975 1422 4030 vestirent.
1444 3972 1474 4029 ln
1493 3989 1548 4046 quo
1567 3972 1693 4030 videlieet
1705 3988 1811 4040 opere,
1828 3974 1870 4029 trivi
1889 3966 1940 4041 regi

306 4070 422 4132 testibus
430 4069 583 4143 possideat,
594 4067 641 4125 ubi
654 4083 734 4124 verus
747 4073 776 4124 et
788 4064 1008 4137 ivvcnmparabilis
1020 4063 1109 4122 bonor
1159 4068 1281 4124 muueris
1294 4082 1399 4124 summa
1422 4065 1538 4134 deiecit,
1552 4067 1698 4138 episcopus
1710 4083 1744 4124 et
1765 4062 1940 4125 ecclesiasticis

305 4176 363 4234 est,
382 4181 460 4222 urens
480 4174 572 4221 nostra
592 4160 750 4235 perpendat.
767 4159 821 4217 Sed
838 4158 905 4216 libel
920 4157 976 4229 jain
991 4160 1107 4215 tennala
1158 4158 1331 4217 facultatibus
1349 4159 1940 4233 1111111111)(11111111111111111111

307 4258 386 4316 tionis
410 4257 490 4331 lunius
514 4253 656 4315 historiam
682 4253 819 4312 succincte
845 4258 1052 4321 transcurrere,
1078 4260 1109 4308 ut
1158 4251 1221 4309 dem
1236 4252 1328 4324 itaque
1343 4254 1511 4310 rnousstevio
1530 4268 1583 4311 111
1606 4255 1688 4310 modo
1709 4250 1939 4312 consummatele

306 4349 374 4406 nulli
392 4347 520 4422 deinceps
539 4349 573 4407 de
593 4345 722 4420 preclara
749 4341 929 4404 solemnitatis
950 4344 1031 4418 buius
1049 4345 1107 4402 uri·
1157 4343 1241 4402 brice
1263 4354 1400 4403 structura
1420 4343 1555 4417 perlecto,
1571 4347 1760 4403 verumetiam
1780 4340 1938 4402 sacerdotalis

307 4441 369 4512 gine
387 4455 498 4513 prorsus
515 4441 641 4512 expediat
659 4439 792 4498 dubitare.
1158 4439 1242 4497 ollcll
1258 4439 1493 4499 benedictionibus
1511 4439 1647 4509 dedicato,
1667 4455 1729 4496 mox
1751 4439 1872 4497 demoliti
1889 4441 1938 4492 suut

342 4533 371 4589 2.
392 4533 475 4590 Ptvvro
493 4544 583 4591 antem
598 4535 661 4590 dum
673 4532 813 4592 coolessor
834 4531 935 4592 Christi
953 4531 1106 4591 Fridelious
1157 4533 1306 4603 tumulum,
1321 4535 1348 4590 in
1363 4550 1417 4606 quo
1431 4544 1555 4592 sanctium
1570 4534 1659 4590 inerat
1671 4549 1771 4606 corpus
1785 4534 1923 4590 ltumatom.

306 4627 379 4688 beati
399 4627 493 4684 llilarii
512 4630 797 4702 monasterinm,qnod
818 4629 844 4685 in
863 4625 1017 4684 Pictavensi
1037 4631 1105 4686 sub·
1193 4627 1221 4682 5.
1242 4629 1396 4686 consumto
1409 4629 1492 4701 igitur
1504 4629 1567 4698 dic,
1591 4629 1618 4684 in
1642 4643 1696 4701 quo
1718 4639 1811 4685 111111
1836 4624 1937 4684 membra

306 4723 385 4780 urbio
401 4721 482 4779 situm
499 4731 556 4790 est,
569 4721 739 4779 laudabiliter
760 4733 885 4796 regeret,
900 4721 991 4794 ibique
1004 4733 1106 4779 sanctas
1157 4721 1353 4792 transierrcnt,
1367 4725 1538 4795 praecedente
1558 4732 1654 4792 noem,
1675 4721 1739 4778 dom
1758 4724 1895 4793 episcopus
1910 4717 1937 4773 si·

306 4814 520 4874 moversmtonls
533 4814 682 4887 insignibus
694 4814 853 4888 disciplinis,
868 4825 895 4873 et
907 4815 1037 4888 praeclara
1049 4831 1105 4872 mo·
1157 4816 1213 4873 mul
1227 4829 1255 4874 ct
1268 4818 1353 4874 abbas
1366 4817 1504 4891 invigiliis
1523 4825 1552 4873 ct
1570 4816 1738 4874 oradouibus
1749 4821 1935 4886 pernoctarent,

305 4925 366 4967 rom
388 4908 530 4965 bonetatc
550 4908 678 4979 polleret;
700 4910 794 4967 beatus
816 4909 935 4966 liilarius
951 4909 987 4966 illi
1004 4924 1052 4982 pcr
1066 4909 1107 4965 vi·
1117 4961 1145 5024 D
1158 4918 1269 4982 repente
1281 4911 1468 4984 conspiciunt,
1484 4912 1555 4982 quod
1569 4909 1642 4969 beati
1661 4911 1757 4984 burgell
1779 4911 1815 4968 de
1834 4907 1935 4971 tumulo,

305 5003 411 5062 sionem
438 5001 595 5059 manilestus
609 5001 748 5073 apparuit,
768 5011 795 5057 at
815 5002 884 5060 inter
902 5002 953 5059 alia
974 5002 1103 5061 nonnulla
1156 5002 1201 5074 qui
1214 5000 1269 5073 jam
1285 5003 1438 5062 terebratus
1451 5003 1557 5070 inerat,
1571 5013 1694 5061 sanctum
1708 5019 1808 5072 corpus
1820 5004 1933 5064 1111111),

305 5096 358 5154 boe
369 5096 406 5153 illi
420 5093 536 5167 quadam
548 5093 651 5150 vivacis
665 5092 769 5167 imperii
782 5094 942 5153 anctoritate
953 5095 1102 5164 mandavit,
1153 5105 1181 5150 et
1196 5095 1223 5148 in
1237 5093 1343 5164 locum,
1357 5095 1402 5167 qui
1417 5095 1469 5152 sibi
1485 5103 1651 5166 praeparatus
1666 5093 1750 5151 luerat
1767 5095 1879 5166 propriis
1892 5104 1934 5147 11·

304 5201 334 5252 ιιι
352 5189 479 5248 videlicet
502 5188 562 5260 ipse
582 5187 662 5244 simul
685 5198 712 5244 et
731 5187 896 5246 Pictavensis
912 5191 1057 5261 episcopus
1069 5187 1104 5245 ad
1156 5187 1235 5244 nibus
1248 5187 1376 5245 inierunt.
1398 5187 1446 5244 liis
1461 5189 1551 5259 itaque
1571 5191 1702 5258 peractis,
1722 5188 1817 5246 beatiss
1836 5184 1933 5243 tlltariu

304 5299 395 5358 regem
411 5281 594 5348 Francorum,
609 5279 656 5352 qui
669 5288 734 5336 tunc
747 5295 837 5337 rernm
852 5283 1043 5340 moderabatur
1057 5282 1105 5338 ba·
1155 5290 1278 5338 sanctum
1292 5281 1456 5338 Fridelinum
1470 5296 1518 5353 per
1530 5281 1660 5338 visionem
1673 5280 1829 5348 admonuit,
1843 5292 1870 5336 ut
1880 5277 1932 5334 sco

303 5376 393 5446 benis,
405 5377 593 5434 incunctanter
603 5371 778 5440 accederent,
789 5383 816 5428 et
825 5383 946 5444 sumptus
957 5374 1104 5446 impendia,
1156 5373 1274 5445 tigeuam
1288 5372 1433 5445 quemdam
1451 5373 1503 5428 sibi
1523 5375 1684 5445 cognatione
1704 5376 1894 5446 propinquum,
1910 5367 1931 5422 iv

303 5471 402 5545 quibus
420 5468 544 5542 ampliari
563 5476 591 5526 et
608 5467 749 5538 augustius
764 5467 820 5522 lieri
834 5471 1027 5526 monasterinm
1043 5485 1105 5540 pos·
1156 5465 1271 5534 cteuobii
1286 5467 1418 5539 regimine
1430 5467 1618 5534 substitueret,
1633 5468 1691 5538 ipse
1705 5483 1770 5524 vcro
1783 5468 1816 5524 ad
1829 5465 1931 5524 Gallius·

303 5574 361 5634 set,
380 5564 542 5623 iiducialiter
561 5563 740 5637 postularent.
762 5561 865 5629 Quibus
883 5563 973 5620 verbis
994 5565 1104 5634 insuper
1154 5559 1222 5617 riam
1233 5561 1348 5617 insulam
1359 5560 1385 5616 in
1399 5559 1531 5616 bonorem
1544 5560 1664 5630 eiusdem
1676 5559 1748 5618 beati
1764 5552 1931 5616 ililariiedii·

304 5656 424 5726 addidit,
440 5667 469 5715 nt
483 5657 633 5714 instaurato
645 5656 751 5713 noviter
762 5655 937 5722 monasterio,
950 5656 1040 5713 iocum
1051 5657 1103 5714 sibi
1153 5663 1265 5711 cataros
1287 5654 1431 5710 ecclesiam
1451 5661 1620 5726 properaret.
1641 5652 1692 5721 ovi
1711 5652 1784 5709 beati
1801 5644 1929 5709 sacerdotis

304 5761 413 5809 sanctus
426 5751 518 5809 abbas
531 5765 679 5824 congruum
693 5748 864 5822 provideret,
883 5747 910 5804 in
930 5763 985 5820 quo
1003 5762 1103 5820 corpus
1153 5748 1268 5821 imperio
1285 5762 1350 5805 mos
1368 5746 1508 5805 bumiliter
1526 5748 1634 5820 parnis,
1648 5755 1678 5804 et
1695 5763 1750 5804 non
1766 5747 1850 5807 solum
1863 5737 1928 5804 itini.

305 5843 379 5916 ejus,
392 5845 461 5902 lacta
475 5843 667 5916 translatione,
680 5841 871 5903 reconderent.
884 5841 959 5914 Quos
974 5843 1101 5902 nimirum
1153 5842 1225 5918 quod
1237 5843 1342 5916 iussum
1356 5841 1459 5915 iuerat,
1475 5841 1525 5902 sed
1539 5853 1567 5901 et
1580 5843 1633 5900 alia
1653 5852 1768 5915 quatuor
1786 5848 1928 5901 triuncem
