4042 6342
101 205 156 263 853
651 206 859 273 metitus
874 212 909 275 dt
926 214 1031 275 cltttt
1050 218 1227 282 isclalltllt.
1464 229 1466 234 '
1537 254 1546 290 t
1695 232 1751 296 tot

102 328 190 391 ratur,
206 329 234 377 et
249 320 300 395 ispi
314 321 409 379 mortis
421 322 559 391 eximitur,
574 322 648 381 stirs
660 340 769 399 pronae
789 327 900 401 reprom
911 330 940 395 Α
951 330 1067 403 stiterit,
1077 337 1258 395 ntomitutem
1272 344 1361 399 tamen
1372 338 1427 397 illis
1439 341 1486 415 qai
1499 340 1543 401 iris
1555 352 1752 407 immutemur

101 414 193 473 datur.
210 410 270 487 ipse
283 425 326 473 est
343 412 414 476 enirn
434 412 628 487 primogenitus
647 431 682 473 ex
696 418 809 477 mortuis
837 418 898 493 (Co-
952 420 1089 493 impertiet
1113 427 1183 501 :qui
1194 428 1353 491 coltaeredes
1372 446 1424 489 nos
1437 431 1499 491 iiiii
1511 434 1556 493 sui
1568 435 1596 497 in
1613 437 1673 509 ipso
1686 448 1751 501 ante

100 504 163 561 inas.
182 521 201 575 t,
218 502 276 579 ts).
290 500 326 563 Et
347 514 376 565 ut
396 504 424 563 in
437 504 520 561 Adam
533 522 620 563 aranee
632 509 765 578 morimur,
781 508 818 565 ita
830 520 855 567 et
873 512 900 569 in
951 514 1175 577 constitutionem
1189 522 1283 579 emenii
1295 522 1393 597 clepit,
1408 525 1453 595 oui
1465 526 1517 585 erit
1529 526 1603 587 Deus
1617 532 1708 591 omnia
1721 532 1751 596 in

100 594 203 654 Citrirto
215 612 303 654 omnen
313 613 483 671 rerurpemue.
498 596 509 673 i
522 596 534 653 l
547 594 608 654 Gor.
620 614 677 669 rut,
690 598 752 672 ΞΒ.)
763 598 900 659 Liberatio
951 605 1079 672 omnibns
1093 628 1100 667 a
1117 608 1155 685 (i)
1169 612 1220 681 ipsi
1238 614 1336 687 gloria,
1353 616 1426 685 laus,
1442 617 1543 691 honor,
1554 621 1652 693 uirtus,
1666 623 1753 697 impe-

98 703 165 761 ergo
180 688 248 761 eitts,
262 686 336 747 seius
349 705 441 762 regum
457 698 506 747 est.
523 688 685 763 emtarum
700 692 775 750 enim
789 690 899 751 entior-
950 696 1022 757 rium
1049 698 1123 759 Patri
1144 702 1173 761 in
1195 704 1288 778 liiiio,
1308 707 1380 767 Filio
1403 710 1433 767 in
1453 711 1533 771 Patre
1547 722 1576 773 et
1596 714 1624 773 in
1645 715 1751 791 Spiritu

97 796 158 838 mes
171 782 266 853 gloriae
278 795 346 850 sue,
369 794 419 853 per
432 790 598 854 asstrrnptam
616 782 651 840 ab
665 798 698 841 eo
723 793 824 843 naturas
837 801 900 843 nos-
950 788 1064 863 Saneto,
1077 803 1106 849 et
1118 811 1190 853 nuuc
1202 807 1231 856 et
1243 814 1352 873 semper
1364 808 1393 859 et
1404 800 1433 861 in
1446 804 1538 865 omnis
1551 806 1653 867 secula
1664 822 1751 870 saecu·

98 883 149 933 tra
162 874 202 949 (a)
217 872 445 949 conjunctionem,
461 891 568 935 rursum
578 892 673 935 omnes
683 877 711 939 in
724 888 828 941 naturae
840 880 900 955 ejus
950 880 1049 941 lorum.
1064 881 1164 943 Amen.

96 970 290 1027 eommunione
304 966 436 1027 mansuri.
1169 978 1360 1045 psppuus
1386 984 1522 1044 emp

131 1061 266 1135 019ss
282 1060 402 1133 Eripitur
413 1076 478 1135 erpo
487 1060 531 1121 irie
542 1060 625 1120 Dauid
635 1060 899 1138 depiadiomelipno·
1199 1070 1328 1131 Laudatis
1342 1073 1392 1147 ipsi
1406 1076 1500 1137 Dauid.

95 1168 169 1210 rum.
184 1152 311 1227 Spiritum
324 1152 396 1212 enirn
407 1152 486 1212 iesus
495 1156 585 1227 posuit
598 1171 660 1213 cum
674 1158 758 1215 noluit
772 1177 779 1215 r
793 1173 842 1215 nec
852 1174 900 1215 et·
985 1154 1115 1215 desaltato
1133 1168 1158 1217 te
1177 1158 1249 1218 Deus
1267 1180 1338 1220 meus
1357 1176 1381 1221 et
1396 1184 1442 1223 rer
1455 1185 1543 1239 umus,
1562 1178 1588 1230 et
1601 1170 1750 1233 medicam

96 1246 232 1319 spectarit
246 1260 274 1303 ut
285 1248 403 1305 animam
418 1246 580 1319 impressum
591 1249 840 1310 nulamemitteaet.
852 1248 900 1311 ius
949 1265 1043 1306 nomen
1052 1258 1123 1307 tuum
1135 1252 1162 1307 in
1172 1255 1295 1311 seculum
1305 1266 1329 1311 et
1339 1259 1366 1313 in
1376 1258 1500 1319 menium
1512 1264 1611 1321 saculi.
1627 1262 1680 1323 Per
1692 1271 1749 1325 eta-

96 1340 199 1399 animae
212 1341 271 1415 ejus
284 1356 381 1397 manus
401 1340 553 1415 irreligiosa
568 1358 623 1401 non
639 1341 743 1401 habuit.
757 1344 803 1401 ttt
815 1343 898 1415 enim,
948 1343 1023 1419 palae
1034 1344 1117 1419 020
1130 1346 1184 1403 dier
1196 1344 1344 1405 benedicam
1358 1362 1392 1419 te,
1405 1360 1429 1407 et
1443 1352 1554 1413 tauram
1573 1372 1667 1414 nomem
1677 1368 1750 1415 ruam

96 1436 139 1493 De
153 1436 241 1509 pradia
255 1436 367 1509 maiipno
379 1453 441 1493 erue
458 1454 507 1493 me.
523 1436 691 1511 Quamquam
713 1437 785 1497 enim
805 1439 899 1499 erani-
948 1440 976 1495 in
992 1444 1117 1497 mnium
1133 1444 1196 1499 etin
1217 1446 1342 1503 eoeeuiunt
1359 1448 1466 1518 saculi„
1478 1450 1590 1525 stapam
1605 1453 1749 1526 Dominus,

96 1530 152 1587 mis
164 1528 220 1601 jam
234 1528 358 1599 eorporis
373 1526 443 1586 latus
456 1526 536 1587 miles
549 1530 721 1587 trattsioderit
734 1528 824 1607 (donn.
838 1548 896 1603 ιιι,
949 1540 973 1587 et
984 1530 1122 1591 laudriiiie
1136 1534 1230 1605 mmie,
1250 1544 1275 1592 et
1295 1540 1478 1610 mmmtadinta
1492 1544 1548 1615 eius
1560 1561 1611 1602 non
1625 1556 1662 1604 eet
1677 1546 1749 1618 finis.

96 1620 167 1693 lit),
184 1636 248 1678 usus
268 1630 310 1679 est
325 1618 477 1677 ministerio
494 1620 605 1679 saevitiae
619 1640 625 1677 :
638 1632 766 1681 ceterum
778 1634 898 1696 potestas
950 1622 1086 1687 Generatio
1098 1637 1123 1685 et
1133 1630 1261 1701 penerutio
1275 1632 1390 1688 laudarit
1400 1648 1478 1706 opera
1490 1645 1535 1696 tua
1547 1680 1556 1707 ,
1566 1648 1591 1697 et
1610 1642 1751 1709 portariam

95 1712 212 1785 spiritus
222 1710 374 1783 emittendi,
386 1728 497 1773 eausam
510 1712 643 1771 violanda
655 1712 682 1773 in
694 1730 724 1773 se
735 1716 834 1773 animae
844 1730 898 1775 non
913 1724 939 1787 Β
952 1727 1027 1777 tuam
1038 1724 1249 1793 pronuntiabunt.
1260 1724 1295 1781 iit
1307 1727 1525 1801 mapnifirmtirm
1533 1732 1676 1808 mutatis
1687 1744 1749 1803 tuoe,

96 1802 223 1879 reliquit.
952 1814 1151 1871 etmaetsratem
1168 1824 1240 1874 tuam
1255 1816 1443 1887 iorumtur,et
1460 1822 1752 1884 miruiiiiatuunnrru·

131 1901 181 1957 25.
195 1894 424 1966 Fairoeieiieitrtie
437 1900 524 1971 opinio
537 1900 703 1975 reprobatur.
721 1900 901 1959 -Consum
952 1906 1023 1963 iant.
1052 1904 1089 1963 Et
1099 1909 1219 1965 uirtutem
1232 1910 1385 1968 terribilium
1399 1920 1505 1969 tuorum
1522 1914 1625 1983 dicent,
1638 1927 1663 1971 et
1676 1932 1751 1988 mup·

96 2001 159 2051 mat
183 1990 282 2051 deinde
304 1990 462 2049 cantionem
489 2008 587 2051 nonam
612 2008 691 2051 nonne
719 1992 901 2055 consessionis
952 1998 1095 2055 altudinem
1106 2010 1176 2057 tuam
1184 2003 1335 2061 mumolum.
1347 2002 1502 2061 lidemonium
1513 2004 1680 2065 atandamioe
1689 2022 1751 2063 euu-

98 2086 226 2159 hymno,
253 2094 360 2143 terrena
383 2082 485 2157 judicia
509 2093 538 2143 et
563 2084 736 2145 secularium
766 2084 901 2149 bonorum
951 2088 1038 2147 uitatis
1052 2100 1102 2147 tue
1112 2091 1273 2161 musinium,
1288 2094 1450 2163 etimtitiom
1464 2096 1640 2173 tuamilnira,
1653 2098 1752 2169 iustitia

97 2180 199 2251 gaudia
229 2178 297 2237 latta
329 2176 534 2251 condemnans,
560 2195 621 2238 cttm
649 2182 686 2239 ait
702 2200 709 2237 ε
725 2180 842 2251 Quorum
872 2202 900 2245 ot
951 2190 996 2235 tuo
1020 2178 1183 2237 emitoiunt.
1206 2178 1344 2238 trimam
1366 2194 1392 2240 et
1409 2186 1556 2243 misericors
1570 2185 1713 2255 Dominus,
1727 2200 1751 2245 et

97 2275 218 2331 locutum
238 2284 275 2331 ert
288 2277 447 2343 uanitatem,
461 2287 485 2331 et
508 2275 613 2333 decrero
627 2293 716 2333 eorum
734 2278 838 2335 dextero
851 2278 901 2336 ini·
952 2270 1036 2345 (inira
1057 2270 1135 2329 abest
1146 2268 1181 2347 et)
1206 2274 1304 2346 patient
1313 2285 1337 2330 et
1351 2273 1438 2332 multae
1452 2274 1643 2337 nriuriaardioe.
1656 2276 1751 2337 suante

97 2369 234 2439 patrumm·
256 2366 340 2425 ists.
358 2366 486 2425 lt-lsz
509 2362 628 2435 Quarum
642 2368 691 2438 titii
712 2368 777 2427 sicut
800 2370 901 2429 antella
952 2360 1079 2420 naariam
1099 2364 1235 2433 amant-ata,
1248 2374 1272 2421 tt
1294 2366 1468 2425 miserationes
1492 2367 1550 2439 eius
1567 2374 1752 2445 superomnia

97 2457 228 2531 plantatio
242 2460 355 2515 sutilius
375 2458 402 2515 in
415 2460 553 2531 juventute
565 2476 623 2516 uua.
636 2456 715 2519 natta
732 2478 820 2519 eorum
831 2480 900 2519 rom·
951 2471 1031 2529 opero
1044 2454 1293 2529 ejuadaamaamm
1302 2456 1347 2513 riti
1356 2456 1465 2513 Domine
1479 2460 1648 2532 omniuopera
1661 2472 1716 2535 tun,
1728 2471 1752 2520 et

97 2550 212 2621 positae,
228 2550 426 2607 circumornatur
439 2549 566 2623 pumnodo
587 2550 730 2607 similitudo
749 2552 847 2625 naupli.
865 2550 901 2611 lle
951 2552 1035 2607 tottcti
1045 2552 1082 2607 tui
1095 2548 1243 2606 benedicent
1255 2560 1279 2606 te
1289 2548 1381 2623 (Inita,
1394 2552 1565 2625 eorrfiteontur
1579 2556 1647 2627 liii).
1662 2553 1751 2631 Conpi-

96 2644 283 2719 promptuoritt
296 2660 385 2701 eorum
398 2644 494 2717 piena,
511 2644 656 2701 muriuntr'u
669 2662 701 2701 ee
719 2644 767 2703 ior
781 2648 809 2703 in
820 2648 899 2705 ettad.
951 2652 1050 2699 leunttu
1066 2640 1123 2699 nit:
1133 2640 1243 2715 pierium
1256 2642 1329 2715 repni
1342 2642 1378 2699 tui
1391 2643 1485 2713 dicent,
1496 2654 1520 2701 et
1529 2646 1669 2721 potentium
1679 2660 1750 2706 tuum

98 2740 168 2795 Drer
183 2755 272 2795 eorum
286 2742 384 2811 seinte,
397 2734 556 2795 abundanter
571 2738 598 2793 itt
612 2736 753 2812 equentibus
764 2740 818 2797 ettis
831 2758 840 2797 :
851 2738 898 2797 bo·
951 2736 1087 2807 loquemur
1101 2752 1110 2789 .·
1125 2745 1153 2790 ut
1175 2745 1263 2793 notum
1274 2735 1370 2809 sariunt
1387 2734 1450 2808 filiis
1464 2738 1597 2795 nominum
1610 2728 1750 2815 pereuntium

95 2848 138 2889 res
149 2846 241 2889 eorum
253 2826 427 2887 massmNon
442 2838 479 2885 est
488 2831 567 2885 ruina
576 2828 703 2897 mereim,
718 2848 800 2903 nepus
812 2841 899 2889 tront-
951 2834 1064 2896 indonet
1078 2826 1392 2901 pioriummapnificentioe
1404 2826 1478 2901 rapui
1486 2828 1535 2886 tui.
1549 2828 1667 2905 naamam
1676 2842 1749 2889 tuurn

95 2927 163 2990 itur,
181 2939 265 2995 neque
288 2922 386 2979 niumm
398 2922 425 2977 in
437 2920 528 2997 plateis
541 2939 641 2979 eorum.
654 2922 763 2979 Beatum
778 2926 901 2983 dicerunt
950 2936 1056 2991 repnum
1065 2917 1149 2993 ilttira
1163 2936 1218 2977 nort
1231 2921 1364 2991 repetitur
1375 2920 1493 2994 nepotum)
1508 2924 1623 2997 otttnium
1636 2923 1747 2985 seruiu-

94 3016 226 3089 populum
239 3014 282 3071 cui
295 3010 350 3069 hece
362 3026 440 3071 runt:
455 3011 544 3071 beatus
555 3012 667 3089 poprium
678 3016 754 3091 cuiue
770 3014 899 3077 Domittttr
949 3026 1008 3065 'tim
1022 3010 1214 3066 :etdominotio
1229 3020 1273 3066 tua
1284 3010 1392 3082 laamas
1401 3012 1563 3085 immittite
1578 3021 1602 3071 ei
1617 3018 1746 3089 properie.

93 3106 171 3163 Detur
182 3110 251 3181 ejus.
276 3104 310 3163 Et
333 3102 392 3161 haee
406 3112 488 3173 sunt,
512 3113 642 3177 querutum
663 3102 799 3175 arbitror,
817 3104 934 3181 ltujasc
952 3100 1051 3158 Fidelis
1063 3098 1189 3157 Dominus
1208 3102 1235 3159 in
1262 3100 1343 3159 oeriie
1356 3104 1420 3171 nuic,
1435 3111 1458 3161 et
1472 3114 1576 3161 sanatur
1590 3106 1617 3161 in
1630 3105 1749 3165 omnibns

92 3198 192 3257 saculi
214 3198 283 3255 ltona
304 3198 442 3255 communi
465 3197 651 3255 uniuersorum
676 3196 756 3254 beata
775 3198 897 3271 judicio,
951 3192 1035 3266 (inira
1044 3192 1152 3251 additur
1165 3192 1299 3267 operibus)
1312 3194 1375 3251 uuir.
1395 3192 1538 3267 suffulciet
1550 3196 1678 3255 Dominus
1691 3216 1748 3255 om-

91 3308 142 3350 res
156 3290 252 3349 saccati
272 3290 347 3362 loqui
362 3298 444 3361 atque
458 3304 554 3360 agere,
569 3304 666 3361 rapere
681 3298 727 3345 aut
745 3306 837 3347 errrore
849 3290 899 3347 ho·
949 3290 1051 3361 respui
1065 3300 1187 3347 corruunt
1201 3286 1293 3363 (ittira,
1302 3286 1567 3361 suffulcit,ruunt),et
1579 3290 1683 3365 corripit
1694 3286 1752 3364 {ln-

94 3401 201 3454 nores,
217 3382 268 3441 sub
283 3382 370 3457 pretio
383 3380 453 3439 laiso
467 3382 619 3451 ditescere,
632 3378 744 3455 plantari
758 3381 785 3437 in
799 3382 898 3441 adultae
949 3380 1001 3450 ira,
1013 3382 1098 3457 eripit)
1110 3396 1196 3439 omnes
1208 3382 1294 3439 elisor.
1310 3380 1385 3439 Druii
1400 3384 1515 3440 nmmum
1523 3381 1552 3441 in
1565 3394 1589 3441 te
1600 3398 1712 3459 mant,
1724 3400 1750 3446 et

91 3489 187 3541 artatis
207 3478 317 3551 liberis,
335 3496 449 3553 quorum
470 3476 674 3535 efflorescentes
695 3476 758 3533 artui
780 3476 897 3535 novellae
949 3472 997 3529 dat
1007 3470 1104 3548 (latas,
1119 3470 1228 3529 Domine
1242 3484 1266 3531 et
1278 3484 1304 3530 tu
1315 3470 1373 3548 das)
1386 3491 1471 3531 eseam
1481 3474 1585 3533 iliorum
1598 3474 1625 3533 in
1636 3488 1749 3553 ternpore

91 3573 290 3633 exsultationis
302 3570 429 3629 ssrmitate
440 3571 586 3639 eoniidant,
598 3582 692 3643 optare
705 3568 822 3643 speciosi
836 3586 898 3627 cor·
950 3576 1105 3640 opportuno,
1120 3566 1212 3641 sparta
1224 3575 1253 3622 tu
1264 3585 1371 3623 uranum
1385 3579 1465 3638 tuam,
1482 3580 1506 3624 et
1529 3568 1622 3640 imples
1646 3587 1748 3627 ouantem

90 3668 172 3741 poris
188 3667 271 3735 illias,
283 3675 365 3737 atque
380 3680 427 3721 eas
437 3666 464 3722 in
478 3665 587 3723 modum
610 3664 703 3737 templi
719 3662 819 3721 damno
837 3663 898 3723 inu·
948 3663 1062 3719 oninmm
1073 3662 1241 3737 beneplacito.
1255 3664 1347 3721 iustus
1361 3663 1488 3720 Dominus
1511 3666 1539 3720 in
1557 3666 1676 3721 omniiur
1699 3661 1748 3723 niis

90 3762 136 3819 tili
163 3757 289 3833 pecuniae
311 3758 429 3833 ingentis
449 3772 569 3827 ornere,
594 3756 777 3831 multiplicatis
799 3757 897 3815 ltorrea
948 3754 1059 3809 ruisset
1073 3766 1177 3810 tanetus
1196 3756 1224 3809 in
1250 3754 1366 3810 omniiua
1390 3754 1509 3825 operibus
1522 3754 1587 3812 suit.
1604 3752 1691 3829 Prope
1710 3768 1749 3815 etl

87 3857 233 3915 fructibus
254 3870 401 3927 rumpere,
421 3869 482 3927 quae
497 3859 639 3923 cottgestas
653 3866 718 3923 opos
742 3850 768 3907 in
789 3868 898 3923 prompt·
950 3848 1076 3907 Dominus
1103 3848 1313 3927 onrmimtlnira
1326 3849 1403 3911 abest
1429 3856 1559 3928 amnium)
1572 3851 1749 3918 innocentibus

88 3951 184 4009 tuaria
196 3948 249 4005 alia
265 3958 377 4021 anpttsta
393 3946 435 4005 itis
445 3945 541 4019 quaein
554 3959 585 4001 se
597 3944 751 4000 conduntur
761 3950 896 4013 eructent,
949 3960 1017 4009 eum,
1030 3942 1148 3999 ontniiur
1158 3944 1333 4002 taaaaaatttua
1347 3961 1405 4001 eum
1418 3942 1447 4001 in
1459 3944 1570 4001 ueritate.
1582 3944 1748 4001 Voluntatem

86 4038 243 4116 geminatis
255 4055 363 4113 quoque
377 4045 442 4096 dues
462 4034 562 4093 letibus
578 4033 670 4103 velie,
686 4049 753 4106 quas
774 4049 898 4106 egressas
949 4035 1092 4093 timentium
1101 4054 1129 4093 te
1135 4034 1200 4111 fucit
1212 4034 1305 4111 (Inita,
1317 4036 1394 4111 iueiep
1406 4038 1425 4107 i,
1449 4047 1471 4091 et
1494 4036 1637 4095 orationem
1660 4053 1749 4091 eorum

86 4136 192 4194 nullus
206 4132 270 4189 ierne
284 4147 413 4189 occursus
428 4126 581 4197 imminuat,
595 4124 724 4185 delectari
740 4126 821 4181 bourn
836 4140 899 4181 suo·
949 4130 1077 4195 exaudiet,
1087 4137 1111 4185 et
1123 4130 1207 4186 scitor
1222 4130 1297 4203 [noim
1310 4147 1364 4187 eet.
1380 4127 1511 4186 Custodiet
1520 4127 1647 4187 Dominus
1659 4142 1748 4188 onmes

86 4244 158 4286 ruttt
182 4224 295 4299 sagina,
332 4222 512 4295 circumsepta
540 4220 622 4280 etiam
649 4218 792 4276 domorum
820 4216 896 4277 firma
950 4218 1748 4295 diiipentet(lutiramurtoditDeurdiiipenteriiprum,etom-

86 4317 237 4393 praebere,
251 4331 285 4373 ne
300 4312 458 4373 transeundi
471 4328 520 4383 per
533 4326 564 4371 ea
577 4312 702 4385 cuiqnam
715 4311 751 4368 sit
761 4321 897 4383 potestas,
950 4334 994 4373 nes
1009 4324 1156 4389 peccatores
1168 4314 1306 4393 disperdet.
1320 4314 1506 4375 Loudndonem
1518 4312 1568 4372 Dei
1580 4312 1674 4390 (inira,
1691 4307 1747 4371 Do-

87 4429 150 4469 non
166 4408 247 4477 llere,
261 4423 315 4467 nou
331 4405 434 4481 lugere,
450 4420 638 4479 congemens,
653 4400 700 4461 sed
715 4420 846 4477 prospero
859 4404 899 4463 io-
950 4410 1026 4483 mini)
1040 4410 1155 4483 loquetur
1169 4429 1197 4468 or
1209 4429 1311 4479 mitt,
1327 4423 1351 4469 et
1371 4410 1501 4469 tenaciam
1523 4410 1605 4465 omme
1619 4426 1680 4467 euro
1699 4426 1747 4464 no·

86 4504 213 4565 licitatio
237 4518 294 4559 suae
321 4518 403 4559 cursu
427 4500 500 4559 nulla
518 4500 640 4559 adversae
659 4498 820 4557 calamitatis
840 4515 899 4556 mo
910 4507 938 4571 Ι)
951 4522 1009 4561 men
1022 4514 1139 4563 amatum
1152 4506 1207 4573 ejus
1220 4506 1248 4563 iu
1262 4504 1384 4562 earnium
1398 4512 1422 4561 et
1435 4504 1462 4558 in
1477 4502 1599 4559 sanatum
1612 4500 1710 4557 seculi.

85 4600 175 4659 lestia
199 4594 334 4669 impediri.
350 4596 463 4655 Beatum
485 4592 556 4651 itanc
578 4592 705 4668 populant
726 4598 769 4651 eui
784 4592 841 4651 irasc
854 4609 898 4651 es·
1165 4592 1372 4667 antenatus
1397 4590 1532 4651 tsttlttl.

85 4701 158 4751 sent
174 4688 306 4746 dixerunt
328 4707 335 4743 :
351 4684 400 4745 sed
417 4684 551 4759 Propheta
565 4685 616 4743 scit
631 4684 725 4744 salsam
745 4703 806 4745 esse
819 4684 899 4759 hujus
990 4690 1015 4745 i.
1031 4686 1148 4747 Cirietue
1161 4690 1209 4745 ior
1222 4690 1322 4763 psoium
1338 4688 1442 4745 nuntiae
1460 4686 1543 4744 Dauid
1564 4684 1695 4745 laudatur.
1711 4712 1747 4724 -

86 4782 279 4845 beatitudinis
298 4776 547 4853 opimatamoutt
564 4778 637 4837 euim
651 4776 710 4835 hnc
734 4789 812 4836 totet
826 4789 899 4837 tanta
952 4782 1099 4842 Absolums
1112 4793 1154 4842 est
1174 4784 1319 4850 Psalmus,
1336 4782 1383 4839 Dei
1404 4790 1507 4841 tantum
1521 4780 1646 4841 laudibus
1664 4794 1746 4839 occu·

84 4874 194 4939 saeculi
206 4872 275 4930 bona
286 4870 318 4930 ad
330 4870 425 4941 vitam,
436 4888 497 4944 qum
511 4882 598 4929 morte
609 4872 804 4945 intercipienda
814 4883 897 4943 esset,
952 4886 1042 4949 patus.
1056 4878 1111 4935 Sed
1127 4885 1156 4936 et
1171 4878 1262 4935 titulus
1282 4878 1341 4948 ipse
1355 4877 1441 4934 solam
1452 4879 1586 4936 contineri
1598 4877 1628 4935 in
1640 4874 1746 4947 psalmo

86 4966 265 5043 acquirenti
278 4962 313 5021 Et
323 4962 385 5021 ideo
397 4966 441 5038 qui
455 4962 568 5037 populus
582 4961 676 5023 beatus
686 4975 768 5031 esset,
781 4966 899 5023 ostendit
952 4968 1170 5040 praedicationem
1181 4970 1228 5025 Dei
1238 4966 1343 5025 edocet.
1355 4966 1469 5039 ideam
1482 4978 1583 5039 numm,
1595 4964 1745 5025 secandam

86 5064 205 5127 dicens,
217 5054 314 5116 Beatus
324 5059 436 5133 populus
445 5060 521 5135 cujus
533 5054 658 5113 Dominus
669 5056 738 5115 Deus
748 5059 815 5132 ejas.
828 5058 899 5117 Deus
952 5058 1099 5131 praecitatis
1111 5058 1345 5129 consuetudinem,
1360 5076 1432 5117 nunc
1444 5074 1551 5135 quoque
1565 5069 1594 5116 nt
1603 5060 1631 5117 in
1641 5058 1748 5119 caeteris

85 5156 143 5212 ille
160 5149 310 5219 Dominus,
325 5149 371 5223 qui
389 5162 450 5207 cum
462 5149 602 5223 superiora
617 5148 676 5206 ltaec
690 5158 797 5209 terrena
826 5168 898 5223 prm·
953 5152 1015 5209 aliis
1031 5153 1212 5225 pronomine,
1226 5154 1347 5211 ostendit
1361 5154 1436 5211 illum
1452 5154 1536 5211 Darid
1556 5154 1609 5210 isto
1623 5151 1750 5209 laudante

147 5348 177 5421 a)
197 5346 278 5415 nat,
298 5344 344 5403 Er·
362 5345 478 5431 elluini·
499 5346 672 5429 eandirtmmt
685 5360 694 5401 ι·
706 5346 778 5419 qnod
793 5352 821 5431 qi
836 5360 905 5420 prm·
963 5352 1105 5439 maiestatis
1124 5361 1257 5411 tuamet:
1271 5354 1377 5439 damnet
1394 5356 1422 5411 in
1443 5370 1472 5411 eo
1484 5369 1529 5426 per
1541 5366 1660 5413 naturum
1675 5352 1755 5419 rana

90 5422 165 5481 tttltt
182 5426 317 5487 postrema
331 5418 414 5473 edttto
436 5416 499 5473 Par.
524 5416 681 5473 lietrnemus
693 5432 754 5475 aum
770 5426 855 5490 prmm
878 5428 906 5475 et
966 5448 1007 5500 οὓς
1032 5440 1056 5493 pt
1070 5427 1116 5484 iiie
1127 5440 1229 5480 rursum
1239 5442 1283 5499 per
1296 5436 1441 5482 encretatem
1453 5427 1538 5483 amnis
1549 5429 1576 5483 in
1586 5428 1658 5483 uniit
1670 5438 1718 5485 ert.

90 5506 155 5552 ms.
173 5489 394 5557 coniunctionem,
413 5488 438 5543 id
459 5498 511 5551 est,
528 5488 706 5557 societatem
723 5490 762 5546 sic
776 5490 847 5545 enim
862 5490 909 5545 lm-
1008 5483 1033 5593 {p
1065 5496 1211 5569 stimularis
1236 5505 1278 5553 est
1296 5496 1355 5553 itare
1377 5496 1496 5554 clausula
1519 5514 1567 5569 per
1585 5498 1755 5571 dosttlopiam

92 5568 188 5621 luetur
209 5560 236 5614 in
252 5560 319 5629 psai.
336 5572 419 5625 turn,
433 5572 461 5612 n.
479 5558 513 5613 dl
529 5558 676 5614 :llirriiiiu
696 5574 755 5633 erpa
768 5563 795 5615 irt
816 5563 909 5617 saneris
980 5593 1062 5673 mm„
1073 5568 1225 5635 Trinitatis,
1248 5581 1306 5624 oum
1329 5566 1419 5623 caeteri
1440 5572 1568 5627 tractatus
1590 5568 1674 5627 soiius
1698 5572 1758 5630 iiiii

96 5638 181 5693 Deus
196 5640 244 5697 ert,
264 5644 327 5701 quoe
341 5644 398 5684 rum
409 5632 552 5701 contormet
566 5628 655 5700 pioriet
668 5634 781 5702 emporis
793 5632 832 5687 tui
844 5636 909 5701 sere·

98 5708 156 5776 rit,
174 5716 221 5775 per
231 5716 258 5758 te
273 5699 317 5771 aas
332 5700 457 5769 mediator
470 5710 517 5771 ert,
531 5702 609 5761 etiam
620 5698 648 5756 in
661 5704 784 5761 unitatem
798 5708 908 5777 patetne
974 5644 1166 5767 artemii
1176 5638 1264 5698 olaudt
1275 5638 1384 5697 soleant.
