4042 6342
301 263 357 320 sot
907 257 1033 318 saucit
1051 258 1178 318 tttlttttt
1194 261 1345 321 crisconi
1896 269 1935 329 966

301 380 369 438 dom
384 394 415 438 se
430 389 519 438 tamen
534 392 640 450 semper
656 376 797 436 exuberat.
810 375 847 434 Et
859 375 920 449 qula
936 378 1029 449 plures
1042 379 1143 442 esseni
1190 379 1217 436 5.
1239 379 1281 436 ln
1295 381 1437 452 apostolico
1457 380 1598 438 ministerio
1612 380 1651 437 nii
1668 383 1765 437 uenale.
1781 411 1819 424 -
1834 381 1933 450 tumn,

302 477 371 533 utile
385 478 430 545 sit,
443 491 491 548 per
502 489 571 546 noros
582 473 765 539 ministretur;
778 472 867 545 rogari
874 471 1018 529 bominum
1027 486 1102 528 mes·
1154 483 1309 545 argernnm,
1329 476 1470 546 pecuniam
1489 475 1631 547 possidere
1646 473 1807 530 inhibentur
1822 475 1847 530 iu
1860 479 1933 545 nonu,

300 569 341 626 sis
352 569 441 642 jubet,
456 568 523 623 utin
546 581 662 623 messem
683 553 822 636 operarios
834 563 927 636 plures
941 563 1052 636 ejiciat:
1067 561 1102 619 ad
1153 574 1180 622 et
1193 581 1284 636 peram
1296 566 1323 622 in
1336 567 1379 621 uia
1390 567 1469 634 lerre,
1483 576 1511 625 et
1523 567 1590 623 duas
1604 567 1712 623 tunicas
1723 567 1934 639 etmleeamenu,

301 659 498 730 capessendum
511 659 615 716 scilicet
622 657 694 730 quod
702 657 902 730 praeparabatur
910 656 1011 713 donum
1020 656 1100 731 711
1153 662 1181 711 et
1193 655 1296 727 virgam
1324 657 1351 714 in
1367 659 1492 716 manibus
1505 672 1662 716 asstrmcre:
1678 667 1706 715 et
1717 657 1819 732 dgnus
1833 663 1935 718 mmrede

301 750 419 823 Spiritus
444 752 547 820 sancti,
574 765 724 808 messorum
751 752 856 822 copiam
882 751 954 808 bens
969 759 1101 822 praestet:
1159 763 1207 805 sua
1220 761 1262 805 cst
1276 751 1416 822 operarius
1430 750 1583 825 (trinitat
1598 751 1657 824 lb).
1673 751 1733 808 lion
1746 751 1936 821 invidiosus,ut

295 846 511 918 -perorationem
522 848 595 904 enim
609 860 641 902 ae
655 860 763 918 precem
779 844 832 900 hoc
847 845 925 901 nobis
940 860 955 900 a
972 843 1028 900 beo
1042 857 1103 898 mu·
1153 843 1288 912 arbitror,
1310 843 1456 902 thesaurus
1475 846 1502 902 in
1528 861 1596 902 aona
1621 855 1684 903 est:
1702 847 1812 918 etquid
1827 846 1874 902 sibi
1897 849 1937 903 nult

301 954 354 998 aus
368 937 407 1013 (a)
421 939 580 998 eliunditur.
593 941 683 1013 Atque
696 949 726 996 ut
739 942 766 996 in
781 955 899 998 mesmm
916 939 987 994 illam
999 951 1104 994 messo-
1154 937 1228 1007 auri,
1243 939 1348 1010 argenti
1358 981 1366 1006 ,
1378 947 1459 1010 atqrre
1472 939 1534 995 aris
1553 939 1580 994 in
1592 955 1663 994 zona
1674 938 1793 994 inhibita
1806 941 1937 1010 possessio!

300 1049 346 1092 ren
362 1050 525 1092 numerosos
539 1050 573 1091 ex
593 1035 634 1090 bis
656 1033 800 1092 duodecim
822 1035 940 1105 primum
963 1031 1104 1103 apostolis
1154 1031 1225 1088 zotta
1241 1041 1284 1088 est
1297 1033 1438 1088 ministerii
1454 1043 1621 1104 apparatus,
1637 1043 1666 1090 et
1681 1031 1718 1088 ad
1729 1031 1880 1088 eihcaciam
1892 1051 1937 1104 ops

301 1125 492 1186 diffundendos
501 1127 654 1196 indicaret3
669 1127 826 1184 convocatis
838 1126 891 1182 illis
903 1123 979 1182 dedit
989 1123 1103 1197 ejicien-
1154 1125 1192 1181 ris
1205 1125 1372 1197 praecinctio.
1386 1123 1456 1196 Ergo
1470 1125 1579 1198 nequid
1596 1127 1622 1181 in
1636 1125 1796 1182 ministerio
1807 1136 1896 1181 nostro
1907 1145 1939 1184 re

301 1223 398 1280 dorum
421 1224 565 1294 spirituum
586 1231 767 1295 potestatem,
788 1229 816 1278 et
836 1219 925 1276 omnis
939 1216 1104 1286 infirmitatis
1155 1217 1217 1274 nale
1224 1217 1463 1282 sitadmoncmur;
1478 1219 1515 1293 (l)
1527 1235 1615 1292 neque
1629 1219 1683 1276 hoc
1696 1219 1868 1292 apostolatus
1880 1221 1938 1294 712

300 1317 454 1374 medendae.
479 1315 564 1389 liujus
577 1317 650 1373 enirn
664 1315 728 1373 doni
744 1314 782 1388 (b)
795 1313 956 1381 uirtutibus,
980 1317 1105 1384 poteraut
1155 1311 1240 1368 nostrl
1254 1327 1322 1385 opus
1346 1313 1392 1368 hat
1407 1313 1482 1380 auri,
1510 1313 1639 1386 argenti,
1663 1315 1788 1385 erisque
1818 1330 1936 1384 immersu.

305 1421 334 1468 et
346 1409 472 1467 turbator
484 1410 595 1483 expelli,
610 1418 639 1466 et
652 1409 761 1466 intirma
773 1409 874 1466 curari.
888 1407 924 1464 tn
937 1407 1047 1477 dignum
1063 1412 1105 1462 est
1156 1403 1213 1460 Nec
1224 1421 1312 1478 peram
1326 1405 1353 1460 in
1368 1406 1419 1473 rin,
1435 1421 1528 1462 curam
1550 1406 1658 1462 scilicet
1673 1407 1819 1461 saecularis
1838 1405 1937 1462 substan·

304 1512 504 1577 praeceptorum
518 1504 688 1576 singulorum
700 1501 907 1574 significantiam
921 1497 1056 1556 contueri.
1156 1499 1200 1556 tia
1219 1500 1426 1572 relinquendam
1441 1518 1448 1556 ι
1462 1501 1524 1570 quia
1547 1500 1637 1558 ominis
1652 1499 1805 1558 thesaurus
1828 1501 1862 1555 sit
1873 1500 1937 1570 gerni

336 1600 365 1656 5.
376 1597 515 1671 Procopio
528 1596 625 1654 Christi
634 1596 807 1666 apostolicum
816 1593 1106 1664 ntennupectantln.-
1156 1593 1247 1651 ciosus
1260 1594 1288 1649 iu
1305 1602 1392 1661 terra,
1404 1591 1487 1649 corde
1502 1604 1598 1649 nostro
1610 1593 1666 1648 illic
1676 1591 1794 1658 futuro,
1810 1591 1852 1647 ubi
1863 1595 1937 1649 made

302 1691 448 1751 Abstinere
466 1706 497 1747 se
517 1691 602 1747 ariis
621 1688 741 1762 gentium
761 1687 942 1744 admonentur
953 1684 1036 1758 (ibid.
1050 1683 1078 1757 5)
1095 1701 1104 1740 a
1156 1691 1200 1742 tur
1214 1696 1242 1742 ct
1266 1685 1418 1743 thesaurus.
1448 1683 1591 1742 Nondum
1618 1687 1732 1740 tunicas.
1759 1683 1865 1742 Sulhcit
1883 1689 1933 1742 erin

301 1800 358 1841 non
370 1783 444 1857 quod
458 1799 511 1840 non
535 1783 617 1840 ctiam
636 1780 671 1837 ad
691 1780 807 1836 salutem
820 1778 942 1852 gentium
961 1777 1104 1834 mitteren-
1119 1773 1144 1838 b
1157 1783 1235 1840 nobis
1249 1784 1334 1839 semel
1351 1783 1473 1840 Christus
1490 1784 1619 1842 indutus:
1635 1801 1725 1854 nete,
1741 1801 1797 1857 per
1810 1787 1930 1856 prasiana

220 1903 225 1914 ·
302 1888 358 1948 tur,
374 1876 422 1934 sod
437 1887 467 1933 ut
478 1891 562 1948 opere
578 1885 606 1931 et
621 1874 675 1930 uita
689 1873 800 1946 gentilis
813 1871 973 1944 ignorantiae
985 1868 1107 1926 abstine·
1157 1873 1345 1948 intelligentiae
1367 1886 1489 1947 nostrae,
1512 1877 1599 1934 altera
1614 1877 1750 1949 deinceps
1766 1877 1817 1934 uei
1835 1877 1924 1936 bareos

303 1981 374 2029 rent.
385 1971 415 2028 ln
427 1971 551 2027 civitatee
564 1966 797 2026 Samaritanorum
812 1966 887 2022 uetiti
904 1975 967 2021 sunt
980 1963 1105 2020 introire.
1155 1967 1201 2024 rel
1215 1967 1283 2040 legis
1306 1977 1383 2026 veste
1407 1969 1564 2028 induamur.
1586 1969 1650 2026 Non
1672 1971 1860 2026 calcamento.
1873 1972 1927 2026 he-

302 2061 503 2135 Numquidnon
518 2056 999 2134 potiusSamaritanamipsecuratit
1013 2055 1103 2126 (tom.
1157 2060 1410 2134 quidhuruanoruni
1423 2063 1522 2136 pedum
1537 2065 1692 2121 inhrniitas
1703 2065 1818 2136 patiens
1837 2068 1933 2122 canali

303 2153 355 2229 l)l
370 2154 424 2212 Sed
446 2162 476 2210 ut
496 2153 626 2211 ecclesias
649 2152 837 2210 hereticorum
863 2167 917 2207 non
940 2149 1041 2206 adeant
1055 2147 1103 2206 ad·
1157 2155 1242 2212 tatis?
1262 2153 1315 2214 Sed
1330 2158 1356 2213 in
1373 2167 1466 2215 salicta
1481 2169 1568 2227 terra,
1582 2167 1610 2216 et
1632 2170 1817 2230 peccatorum
1829 2163 1935 2230 spinien-

303 2259 461 2306 monentur.
475 2246 547 2304 rtttn
566 2246 638 2303 enim
654 2245 746 2304 dillert
758 2245 793 2302 ab
811 2243 979 2318 ignoratione
993 2257 1105 2315 perver-
1156 2260 1209 2320 que
1224 2246 1326 2306 aculeis
1339 2265 1393 2305 non
1406 2249 1535 2316 obsessa,
1553 2260 1583 2306 ut
1604 2251 1693 2324 lloysi
1717 2251 1826 2310 dictum
1838 2264 1888 2320 est,
1905 2270 1936 2308 m

303 2341 380 2400 sitas.
393 2341 536 2400 llittuntur
546 2339 644 2399 deinde
655 2341 688 2397 ad
697 2356 762 2398 ores
780 2339 899 2411 perditas
913 2338 1010 2395 domus
1024 2333 1106 2392 lsrael
1156 2339 1198 2397 dis
1210 2341 1326 2413 pedibus
1351 2345 1448 2402 staturi
1463 2343 1563 2417 (Exodi
1586 2358 1616 2400 ur
1629 2388 1638 2413 ,
1653 2347 1702 2418 5),
1715 2346 1935 2405 admonomorun

305 2435 413 2509 (batth
430 2453 459 2505 a,
473 2435 514 2508 6).
529 2435 629 2508 Atquin
650 2434 677 2490 iu
691 2447 753 2490 eum
767 2429 846 2505 (Scit.
861 2431 1012 2502 Christum)
1029 2429 1106 2500 lupo·
1155 2432 1239 2489 alium
1253 2434 1390 2507 ingressus
1403 2439 1487 2494 nostri
1502 2437 1613 2506 habere,
1625 2455 1712 2510 uuam
1727 2457 1812 2511 quem
1828 2440 1934 2498 actuosa

301 2546 364 2589 rum
390 2545 423 2587 ac
448 2531 603 2603 viperarum
624 2525 723 2600 linguis
747 2535 775 2582 et
805 2523 927 2581 lancibus
949 2525 1105 2580 saevierunt.
1157 2524 1517 2602 accepimus,apparatum.
1534 2529 1936 2604 Nnneoirnantnnnnttnnl

218 2695 225 2710 „
302 2624 408 2699 Sedic)
423 2625 558 2697 legislatio
578 2623 702 2680 obtinere
720 2619 888 2692 priuilegium
907 2616 1045 2689 Evangelii
1058 2614 1107 2671 de-
1157 2627 1209 2688 est,
1223 2621 1363 2692 potestatis
1374 2634 1509 2680 extraneae
1521 2640 1574 2680 non
1589 2622 1627 2698 (ς)
1641 2626 1741 2699 indigi,
1756 2629 1935 2699 qrraereneiua,

303 2721 386 2779 bebat
402 2739 409 2776 :
423 2720 477 2777 hoe
492 2722 581 2776 minus
599 2717 682 2774 lsrael
704 2716 817 2773 sceleris
837 2715 880 2770 sui
900 2711 1106 2770 exeusationem
1157 2709 1288 2770 babentes
1303 2715 1405 2787 uirgam
1427 2716 1568 2774 deradice
1590 2717 1688 2786 lesse,·
1702 2736 1769 2776 nam
1790 2738 1936 2794 quecunque

303 2813 463 2884 habiturus,
476 2828 530 2886 quo
542 2813 604 2887 plus
616 2805 769 2868 sedulitatis
790 2809 817 2865 in
836 2805 1021 2864 admonitione
1043 2819 1107 2862 sen·
1157 2804 1209 2860 alia
1224 2806 1320 2876 luerit,
1338 2825 1391 2864 non
1402 2811 1454 2866 erit
1464 2809 1565 2868 Christi
1576 2830 1583 2868 a
1596 2813 1725 2872 instructi
1735 2818 1815 2872 omni
1825 2819 1937 2888 superias

302 2908 393 2966 sisset,
1157 2912 1284 2958 sermone
1295 2901 1328 2957 ad
1343 2903 1539 2960 conficiendum
1553 2909 1605 2963 iter
1618 2908 1726 2976 saeculi,
1736 2911 1838 2980 gratia,
1856 2912 1935 2973 sirica,

342 2999 371 3056 l.
384 2999 524 3075 jungerer
543 2999 573 3055 in
597 2993 839 3072 apostatantem
857 2995 953 3070 inape.
976 3019 1012 3034 -
1039 2989 1106 3047 'lota
1158 3004 1243 3064 veste,
1258 2998 1464 3070 calceamento,
1481 3012 1633 3072 potestate;
1658 3005 1686 3060 in
1703 3004 1748 3062 his
1762 3009 1838 3063 eriim
1852 3023 1934 3079 opera·

305 3093 404 3154 deinde
417 3095 444 3152 in
458 3095 597 3168 apostolos
611 3102 731 3178 potestas
743 3088 850 3146 virtutis
863 3086 1008 3146 dominice
1022 3093 1108 3141 trans·
1159 3097 1210 3158 tos,
1225 3087 1298 3162 digni
1320 3092 1447 3150 mercede
1468 3104 1560 3151 nostra
1583 3097 1773 3168 reperiemur,
1793 3099 1820 3155 id
1840 3112 1890 3167 cst,
1906 3115 1936 3170 prr

237 3207 241 3211 ·
304 3191 390 3248 lertur
406 3208 414 3248 c
429 3187 471 3264 (d)
484 3198 513 3246 et
531 3189 618 3262 quiin
635 3186 719 3244 hdam
732 3186 759 3242 in
779 3183 924 3257 imaginem
940 3191 968 3240 et
980 3179 1104 3236 similitu·
1118 3169 1142 3236 C
1158 3181 1254 3241 horum
1267 3186 1598 3248 obseruantianrcoelestis
1613 3193 1672 3264 spel
1687 3195 1806 3266 praemia
1817 3195 1936 3266 receptui

304 3283 396 3343 dinem
418 3283 466 3340 bet
485 3291 564 3339 eraut
577 3278 704 3353 hgurati'j,
731 3293 803 3336 nunc
828 3274 977 3350 perlectam
1002 3269 1105 3330 Christi
1192 3277 1219 3334 6.
1246 3277 1279 3334 ln
1303 3298 1490 3356 quontccnttpue
1511 3284 1639 3342 ciuitatem
1669 3285 1828 3342 introieritis
1851 3290 1936 3344 inerre-

304 3379 449 3453 imaginem
459 3385 486 3436 et
496 3375 702 3434 similitudinem
715 3375 875 3439 sortiuntur,
887 3371 954 3428 nihil
969 3385 984 3425 a
998 3366 1104 3426 llornini
1155 3378 1214 3440 gnte
1227 3371 1284 3442 pois
1298 3372 1324 3426 in
1337 3389 1366 3426 eo
1384 3371 1477 3446 dignus
1492 3383 1540 3440 eat,
1564 3383 1593 3430 et
1618 3376 1725 3448 reliqua
1742 3377 1827 3448 (ibid.
1842 3377 1892 3450 ΙΙ).
1902 3377 1937 3433 be

304 3475 347 3530 sui
369 3472 514 3529 virtutibus
535 3470 713 3534 differentem
737 3475 765 3523 ct
793 3466 838 3538 qui
856 3474 1002 3524 terrestres
1025 3470 1105 3517 antea
1157 3463 1281 3522 rialorte
1303 3467 1432 3524 Dominus
1456 3468 1565 3526 dedisse
1590 3471 1731 3541 hpostolis
1745 3482 1876 3545 precepta
1885 3472 1936 3528 ns

304 3575 393 3634 erant,
406 3566 532 3622 celestes
547 3563 628 3620 modo
640 3562 718 3618 lium.
731 3559 884 3616 Praedicent
897 3572 1009 3630 regnnm
1022 3555 1106 3611 coelo·
1157 3557 1309 3614 timebitur:
1325 3560 1397 3633 quod
1410 3577 1440 3618 se
1460 3577 1545 3635 usque
1559 3562 1592 3619 ad
1612 3564 1715 3620 mnnita
1730 3566 1887 3630 introeundi,
1899 3567 1935 3620 la·

306 3674 367 3715 rum
386 3657 567 3728 propinquare
580 3653 661 3728 (ibid.
680 3653 724 3726 ¹1),
749 3653 895 3722 imaginem
907 3649 1013 3706 scilicet
1027 3658 1054 3705 et
1069 3648 1107 3704 si·
1156 3649 1271 3722 hitandi,
1286 3655 1420 3722 morandi,
1434 3656 1605 3728 eactrndinue
1626 3659 1812 3716 summiserit.
1831 3659 1934 3730 fleon·-

306 3750 487 3808 militudinem
499 3749 548 3805 llei
559 3763 632 3804 nunc
642 3745 845 3803 inconstantium
856 3742 977 3799 ueritatis
987 3737 1105 3807 assurum
1156 3747 1217 3800 dem
1233 3747 1538 3820 intellectasimpliciter
1562 3759 1718 3807 satiatorum
1739 3753 1873 3810 modestia
1884 3767 1934 3808 ota·

307 3855 339 3904 ut
351 3846 439 3903 sancti
451 3857 563 3911 omues,
582 3842 630 3915 qui
647 3840 711 3899 ooeli
732 3835 878 3909 nuncupati
897 3844 977 3903 sunt,
991 3833 1106 3890 bornino
1160 3831 1271 3911 gratim,
1287 3850 1314 3895 ut
1327 3855 1388 3896 cunr
1404 3841 1485 3914 digno
1495 3844 1531 3900 sit
1545 3843 1727 3922 hospitalitas,
1747 3863 1818 3924 nere
1829 3847 1936 3920 perinen-

306 3944 486 4010 conregnent.
501 3934 539 4009 (e)
555 3933 682 3991 lnhrmos
695 3939 806 3997 curent,
821 3940 948 3986 mortuos
957 3928 1105 3994 suscitent,
1157 3931 1224 3987 riam
1241 3943 1289 3988 aut
1313 3932 1492 4006 ignorantiam
1507 3936 1711 3996 cohabitatione
1729 3942 1867 4013 probrose
1879 3939 1936 3996 lani

305 4030 430 4103 leprosos
455 4029 623 4095 emundent,
647 4026 784 4083 demones
809 4022 919 4094 ejiciant
942 4019 1025 4096 (lbid.
1054 4017 1105 4094 8);
1157 4021 1200 4079 lim
1223 4025 1385 4096 polluantur.
1403 4027 1462 4086 Sed
1482 4030 1649 4088 introeuntes
1664 4033 1807 4092 civitatem
1829 4035 1861 4092 dc
1877 4035 1937 4106 dign

306 4120 436 4195 quidquid
458 4121 591 4179 malorum
613 4117 681 4175 Adae
702 4115 811 4189 corpori
833 4123 935 4171 munao
963 4112 1108 4168 instinctus
1154 4115 1231 4186 jubet
1242 4119 1419 4192 interrogare,
1435 4131 1534 4178 etcum
1551 4139 1584 4180 co
1603 4123 1727 4182 hahitare
1747 4141 1834 4200 usque
1848 4129 1877 4183 ad
1891 4142 1934 4200 pn

307 4216 446 4280 intulerat,
459 4213 513 4272 boc
523 4229 631 4271 rursum
646 4211 698 4283 ipsi
711 4211 748 4268 de
762 4209 954 4267 communione
964 4205 1107 4263 dominicae
1156 4207 1320 4268 lectionem:
1336 4211 1614 4287 domumquoqueah
1633 4215 1838 4278 introeuntibus
1850 4218 1936 4292 proibe

307 4309 447 4382 potestatis
460 4307 617 4364 emundent.
633 4305 667 4362 Et
678 4312 708 4361 ut
721 4319 756 4360 ex
770 4312 837 4371 toto,
854 4299 1004 4358 secundum
1016 4299 1107 4356 Gene-
1158 4301 1285 4359 salutari:
1319 4305 1417 4377 qumsi
1444 4307 1524 4380 digna
1546 4319 1599 4378 est,
1625 4319 1653 4368 et
1665 4312 1743 4383 pacis
1769 4313 1860 4387 (etiam
1873 4311 1937 4384 psai
1966 4373 1967 4376 ,

307 4402 346 4460 sis
359 4399 526 4472 prophetiam
540 4400 616 4474 (Gen.
630 4412 659 4467 t,
673 4397 740 4470 26),
755 4397 803 4452 llei
817 4394 1023 4451 similitudinem
1042 4407 1109 4450 con·
1157 4401 1348 4456 communione
1363 4402 1399 4456 sit
1412 4401 1515 4474 digna;
1536 4403 1559 4460 si
1568 4403 1688 4476 indigna,
1707 4421 1762 4478 pax
1782 4407 1936 4463 invicemre
1966 4411 1967 4414 ’

307 4503 466 4568 sequantur,
479 4493 637 4566 daregratis
651 4491 723 4565 quod
735 4489 820 4563 gratis
833 4496 999 4560 acceperunt
1009 4487 1108 4560 juben·
1158 4499 1291 4547 vertatur:
1302 4491 1349 4565 qui
1363 4501 1453 4551 autem
1473 4509 1526 4552 non
1545 4497 1702 4568 receperint
1725 4513 1787 4566 eos,
1804 4511 1937 4556 semona
1966 4519 1967 4542 1

308 4595 353 4646 tur
383 4605 390 4642 ι
413 4595 443 4643 ut
464 4589 501 4646 sit
526 4579 629 4646 seilicet
654 4582 817 4643 ministratio
842 4581 959 4655 gratuita
983 4565 1212 4655 rnuumiquue
1226 4587 1392 4655 eorum3his
1406 4605 1522 4648 excusso
1535 4589 1634 4663 pedum
1644 4591 1771 4664 pulvere,
1781 4605 1938 4652 aternam
1966 4567 1967 4570 Ἴ

307 4679 427 4756 gratuiti.
1156 4677 1309 4737 ledictiouis
1322 4681 1426 4739 semina
1437 4683 1612 4756 relinquenda
1626 4683 1711 4758 (ibid.
1735 4687 1772 4744 li
1788 4699 1813 4746 et
1825 4687 1877 4758 tt).
1966 4743 1967 4748 ,

307 4891 474 4949 reclusionem
487 4885 691 4946 conficiebatur.
1169 4956 1175 4968 ·
1192 4885 1234 4959 (d)
1249 4885 1335 4956 suin,
1350 4902 1381 4947 nt
1394 4893 1497 4965 gni.....
1509 4896 1652 4951 sortientur
1654 4933 1711 4952 .....
1727 4894 1813 4966 fiant:
1827 4895 1940 4953 reluctar-

344 4965 385 5037 (a)
399 4961 478 5022 Bari..
491 4961 537 5016 lir.
562 4969 589 5014 et
603 4959 676 5029 Lips.
695 4957 849 5028 etinnmtnr.
865 4955 917 5014 lttlt
938 4970 1003 5014 tero
1018 4955 1081 5013 libri
1095 4999 1104 5027 ,
1156 4958 1228 5015 tibus
1242 4975 1307 5018 mss.
1321 4951 1391 5020 lum
1404 4975 1470 5024 ante
1482 4965 1595 5024 verbum
1610 4968 1764 5039 predicent,
1774 4970 1940 5040 reticeturp‘r·

308 5033 459 5105 effunditur.
472 5033 522 5089 llic
534 5032 610 5088 lineus
622 5045 729 5087 rursum
743 5031 777 5086 ad
789 5029 1002 5088 conlirmationis
1014 5043 1105 5086 sacra·
1157 5029 1247 5088 berum
1260 5041 1300 5088 nt.

309 5119 428 5163 mentum
440 5115 528 5176 potest
537 5102 643 5159 rolerri.
654 5101 801 5173 llidejmra
814 5116 840 5158 c.
852 5102 897 5169 li),
909 5117 937 5156 n.
949 5101 978 5169 3,
990 5101 1033 5156 ubi
1042 5099 1103 5184 Spi-
1193 5124 1229 5202 (e)
1244 5127 1293 5186 ffic
1305 5129 1397 5190 denuo
1419 5134 1532 5206 supple,
1550 5133 1657 5210 jubam
1672 5143 1710 5190 m·
1728 5133 1805 5192 ωε
1830 5133 1939 5191 num

308 5177 1105 5322 itt?{hitltttttttttttttthtttttltttth
1157 5206 1939 5350 prggpt'ggggggppggg{anigeniti,tibh,¹53

309 5321 371 5378 ΡΜ·
387 5333 415 5378 ⁰¹
426 5336 491 5377 '¹¹⁸⁵·
503 5317 580 5377 ⁶⁰¹b·
592 5326 621 5403 θ).
633 5313 727 5402 ‘firm’
744 5317 1106 5401 mmmimmflm‘
1158 5341 1324 5402 dicatoribus
1338 5349 1469 5421 apostolis
1479 5348 1551 5406 dicta
1570 5350 1635 5406 sirit.

308 5392 699 5477 memnonouibussubpcruut
727 5387 891 5457 nopraednn
903 5404 953 5445 nis.
967 5390 1106 5474 ahane·
1195 5435 1230 5514 m
1247 5437 1414 5498 mmmm·
1432 5444 1551 5515 mum
1563 5445 1733 5516 “pomm-

308 5459 1105 5624 ἭξιτοὲξξὲἐὲηῐέἑξωἏῖςεῗέοῗιθωξαξῖτῇῑῖᾒέιῗβᾚ
1194 5533 1236 5618 ip)
1252 5535 1331 5607 Apud
1346 5535 1409 5621 Par.
1421 5547 1586 5608 expunctum
1612 5547 1657 5596 est
1682 5539 1844 5626 vocabulum
1863 5537 1934 5610 indigi.

260 5603 1105 5751 ‘htttttlttttmtlttstluitiatarum
1154 5604 1935 5756 ,hstishall‘tthttthttttmhtmsn

345 5751 382 5818 (c)
397 5752 500 5807 Toron.
513 5764 578 5806 mss.
601 5765 616 5803 a
632 5749 719 5819 prima
732 5763 831 5814 manu,
844 5747 894 5804 sed
906 5749 991 5817 magis
1004 5746 1104 5814 lectio;
1160 5748 1267 5818 quimur
1281 5768 1347 5810 mss.
1366 5755 1522 5826 inquorum
1543 5754 1682 5814 nonnullis
1702 5755 1819 5816 babutm
1831 5765 1932 5814 catam

312 5822 518 5890 asccurmamcd
530 5817 1104 5892 lepialcctio,quodcthahentaliiquinque.
1160 5819 1370 5882 locoectrnncn.
