<?xml version="1.0" encoding="UTF-8"?>
<!DOCTYPE html PUBLIC "-//W3C//DTD XHTML 1.0 Transitional//EN"
    "http://www.w3.org/TR/xhtml1/DTD/xhtml1-transitional.dtd">
<html xmlns="http://www.w3.org/1999/xhtml" xml:lang="en" lang="en">
 <head>
  <title>
</title>
<meta http-equiv="Content-Type" content="text/html;charset=utf-8" />
  <meta name='ocr-system' content='tesseract 3.04.00' />
  <meta name='ocr-capabilities' content='ocr_page ocr_carea ocr_par ocr_line ocrx_word'/>
</head>
<body>
  <div class='ocr_page' id='page_1' title='image "./patrologiaecurs220unkngoog/patrologiaecurs220unkngoog_0475.png"; bbox 0 0 4042 6342; ppageno 0'>
   <div class='ocr_carea' id='block_1_1' title="bbox 89 286 1730 353">
    <p class='ocr_par' dir='ltr' id='par_1_1' title="bbox 89 286 1730 353">
     <span class='ocr_line' id='line_1_1' title="bbox 89 286 1730 353; baseline -0.001 -2"><span class='ocrx_word' id='word_1_1' title='bbox 89 297 140 353; x_wconf 70' lang='lat' dir='ltr'><strong>sbi</strong></span> <span class='ocrx_word' id='word_1_2' title='bbox 650 286 859 347; x_wconf 73' lang='lat' dir='ltr'><strong>intersitis</strong></span> <span class='ocrx_word' id='word_1_3' title='bbox 881 287 926 345; x_wconf 81' lang='lat' dir='ltr'><strong>itii</strong></span> <span class='ocrx_word' id='word_1_4' title='bbox 946 286 1084 353; x_wconf 72' lang='lat' dir='ltr'><strong>PSALlN)</strong></span> <span class='ocrx_word' id='word_1_5' title='bbox 1104 288 1162 349; x_wconf 73' lang='lat' dir='ltr'><strong>li.</strong></span> <span class='ocrx_word' id='word_1_6' title='bbox 1675 286 1730 349; x_wconf 80' lang='lat' dir='ltr'><strong>sbi</strong></span> 
     </span>
    </p>
   </div>
   <div class='ocr_carea' id='block_1_2' title="bbox 67 402 1796 5898">
    <p class='ocr_par' dir='ltr' id='par_1_2' title="bbox 67 402 1796 5898">
     <span class='ocr_line' id='line_1_2' title="bbox 90 402 1729 485; baseline -0.004 -16"><span class='ocrx_word' id='word_1_7' title='bbox 90 418 115 469; x_wconf 86' lang='lat' dir='ltr'><strong>iu</strong></span> <span class='ocrx_word' id='word_1_8' title='bbox 128 423 150 469; x_wconf 85' lang='lat' dir='ltr'><strong>te</strong></span> <span class='ocrx_word' id='word_1_9' title='bbox 162 412 273 485; x_wconf 84' lang='lat' dir='ltr'><strong>sperari.</strong></span> <span class='ocrx_word' id='word_1_10' title='bbox 287 408 337 479; x_wconf 82' lang='lat' dir='ltr'><strong>Qut</strong></span> <span class='ocrx_word' id='word_1_11' title='bbox 352 406 470 465; x_wconf 88' lang='lat' dir='ltr'><strong>debitum</strong></span> <span class='ocrx_word' id='word_1_12' title='bbox 485 405 562 479; x_wconf 81' lang='lat' dir='ltr'><strong>petit,</strong></span> <span class='ocrx_word' id='word_1_13' title='bbox 577 420 630 467; x_wconf 85' lang='lat' dir='ltr'><strong>nott</strong></span> <span class='ocrx_word' id='word_1_14' title='bbox 642 415 735 481; x_wconf 80' lang='lat' dir='ltr'><strong>sperat</strong></span> <span class='ocrx_word' id='word_1_15' title='bbox 749 422 757 461; x_wconf 81' lang='grc' dir='ltr'>ι</span> <span class='ocrx_word' id='word_1_16' title='bbox 771 421 834 465; x_wconf 86' lang='lat' dir='ltr'><strong>sans</strong></span> <span class='ocrx_word' id='word_1_17' title='bbox 854 402 988 474; x_wconf 68' lang='lat' dir='ltr'><strong>slArsus</strong></span> <span class='ocrx_word' id='word_1_18' title='bbox 1009 422 1020 466; x_wconf 81' lang='grc' dir='ltr'>ι</span> <span class='ocrx_word' id='word_1_19' title='bbox 1041 417 1098 479; x_wconf 86' lang='lat' dir='ltr'><strong>poss</strong></span> <span class='ocrx_word' id='word_1_20' title='bbox 1119 407 1174 465; x_wconf 79' lang='lat' dir='ltr'><strong>ires</strong></span> <span class='ocrx_word' id='word_1_21' title='bbox 1189 408 1416 468; x_wconf 72' lang='lat' dir='ltr'><strong>arremarensis</strong></span> <span class='ocrx_word' id='word_1_22' title='bbox 1430 406 1540 467; x_wconf 78' lang='lat' dir='ltr'><strong>Tractat</strong></span> <span class='ocrx_word' id='word_1_23' title='bbox 1553 404 1625 465; x_wconf 84' lang='lat' dir='ltr'><strong>trum</strong></span> <span class='ocrx_word' id='word_1_24' title='bbox 1636 405 1729 469; x_wconf 81' lang='lat' dir='ltr'><strong>lecum</strong></span> 
     </span>
     <span class='ocr_line' id='line_1_3' title="bbox 88 496 1796 579; baseline -0.005 -19"><span class='ocrx_word' id='word_1_25' title='bbox 88 504 197 561; x_wconf 87' lang='lat' dir='ltr'><strong>debetur</strong></span> <span class='ocrx_word' id='word_1_26' title='bbox 211 501 276 557; x_wconf 88' lang='lat' dir='ltr'><strong>milri</strong></span> <span class='ocrx_word' id='word_1_27' title='bbox 296 501 407 573; x_wconf 87' lang='lat' dir='ltr'><strong>aliquid,</strong></span> <span class='ocrx_word' id='word_1_28' title='bbox 421 500 483 573; x_wconf 83' lang='lat' dir='ltr'><strong>jure</strong></span> <span class='ocrx_word' id='word_1_29' title='bbox 496 498 523 555; x_wconf 89' lang='lat' dir='ltr'><strong>id</strong></span> <span class='ocrx_word' id='word_1_30' title='bbox 543 514 668 579; x_wconf 84' lang='lat' dir='ltr'><strong>reposce.</strong></span> <span class='ocrx_word' id='word_1_31' title='bbox 683 497 760 567; x_wconf 78' lang='lat' dir='ltr'><strong>Quod</strong></span> <span class='ocrx_word' id='word_1_32' title='bbox 776 499 799 555; x_wconf 86' lang='lat' dir='ltr'><strong>si</strong></span> <span class='ocrx_word' id='word_1_33' title='bbox 817 498 879 569; x_wconf 90' lang='lat' dir='ltr'><strong>quis</strong></span> <span class='ocrx_word' id='word_1_34' title='bbox 930 496 1076 567; x_wconf 70' lang='lat' dir='ltr'><strong>Apostolus</strong></span> <span class='ocrx_word' id='word_1_35' title='bbox 1091 497 1248 567; x_wconf 69' lang='lat' dir='ltr'>plenissime</span> <span class='ocrx_word' id='word_1_36' title='bbox 1261 498 1295 559; x_wconf 86' lang='lat' dir='ltr'><strong>sd</strong></span> <span class='ocrx_word' id='word_1_37' title='bbox 1308 498 1465 565; x_wconf 87' lang='lat' dir='ltr'><strong>llemsuos,</strong></span> <span class='ocrx_word' id='word_1_38' title='bbox 1476 496 1543 569; x_wconf 76' lang='lat' dir='ltr'><strong>quet</strong></span> <span class='ocrx_word' id='word_1_39' title='bbox 1559 497 1601 553; x_wconf 81' lang='lat' dir='ltr'><strong>les</strong></span> <span class='ocrx_word' id='word_1_40' title='bbox 1615 496 1730 563; x_wconf 78' lang='lat' dir='ltr'><strong>iutsoieit</strong></span> <span class='ocrx_word' id='word_1_41' title='bbox 1791 557 1796 568; x_wconf 36' lang='lat'>¹</span> 
     </span>
     <span class='ocr_line' id='line_1_4' title="bbox 90 590 1729 667; baseline -0.005 -12"><span class='ocrx_word' id='word_1_42' title='bbox 90 598 151 655; x_wconf 90' lang='lat' dir='ltr'><strong>milri</strong></span> <span class='ocrx_word' id='word_1_43' title='bbox 162 612 194 652; x_wconf 87' lang='lat' dir='ltr'><strong>ex</strong></span> <span class='ocrx_word' id='word_1_44' title='bbox 211 596 348 652; x_wconf 86' lang='lat' dir='ltr'><strong>solnnsute</strong></span> <span class='ocrx_word' id='word_1_45' title='bbox 365 594 482 660; x_wconf 87' lang='lat' dir='ltr'><strong>tribuat,</strong></span> <span class='ocrx_word' id='word_1_46' title='bbox 496 608 552 651; x_wconf 89' lang='lat' dir='ltr'><strong>nun</strong></span> <span class='ocrx_word' id='word_1_47' title='bbox 564 608 598 651; x_wconf 84' lang='lat' dir='ltr'><strong>es</strong></span> <span class='ocrx_word' id='word_1_48' title='bbox 608 593 767 663; x_wconf 87' lang='lat' dir='ltr'><strong>oblatinne;</strong></span> <span class='ocrx_word' id='word_1_49' title='bbox 783 592 816 649; x_wconf 88' lang='lat' dir='ltr'><strong>de</strong></span> <span class='ocrx_word' id='word_1_50' title='bbox 827 592 879 652; x_wconf 80' lang='lat' dir='ltr'><strong>bne</strong></span> <span class='ocrx_word' id='word_1_51' title='bbox 930 597 957 645; x_wconf 87' lang='lat' dir='ltr'><strong>ut</strong></span> <span class='ocrx_word' id='word_1_52' title='bbox 973 590 1176 663; x_wconf 67' lang='lat' dir='ltr'><strong>amplificaretur</strong></span> <span class='ocrx_word' id='word_1_53' title='bbox 1190 603 1332 667; x_wconf 74' lang='lat' dir='ltr'><strong>precarem.</strong></span> <span class='ocrx_word' id='word_1_54' title='bbox 1349 591 1401 649; x_wconf 82' lang='lat' dir='ltr'><strong>titi</strong></span> <span class='ocrx_word' id='word_1_55' title='bbox 1415 590 1602 663; x_wconf 71' lang='lat' dir='ltr'><strong>sruplifisntsns</strong></span> <span class='ocrx_word' id='word_1_56' title='bbox 1616 601 1652 647; x_wconf 87' lang='grc' dir='ltr'><strong>ιιι</strong></span> <span class='ocrx_word' id='word_1_57' title='bbox 1668 605 1729 661; x_wconf 78' lang='lat' dir='ltr'><strong>prs·</strong></span> 
     </span>
     <span class='ocr_line' id='line_1_5' title="bbox 86 684 1728 761; baseline -0.002 -16"><span class='ocrx_word' id='word_1_58' title='bbox 86 686 279 760; x_wconf 68' lang='lat' dir='ltr'><strong>consrretndine</strong></span> <span class='ocrx_word' id='word_1_59' title='bbox 290 686 359 757; x_wconf 76' lang='lat' dir='ltr'><strong>eim,</strong></span> <span class='ocrx_word' id='word_1_60' title='bbox 374 686 589 743; x_wconf 71' lang='lat' dir='ltr'><strong>benevolentiam</strong></span> <span class='ocrx_word' id='word_1_61' title='bbox 611 684 670 759; x_wconf 82' lang='lat' dir='ltr'><strong>ejus</strong></span> <span class='ocrx_word' id='word_1_62' title='bbox 683 686 808 757; x_wconf 74' lang='lat' dir='ltr'><strong>sperabo.</strong></span> <span class='ocrx_word' id='word_1_63' title='bbox 824 684 879 743; x_wconf 84' lang='lat' dir='ltr'><strong>tu·</strong></span> <span class='ocrx_word' id='word_1_64' title='bbox 929 693 1036 753; x_wconf 85' lang='lat' dir='ltr'><strong>sctum,</strong></span> <span class='ocrx_word' id='word_1_65' title='bbox 1050 685 1086 743; x_wconf 84' lang='lat' dir='ltr'><strong>ili</strong></span> <span class='ocrx_word' id='word_1_66' title='bbox 1103 688 1190 761; x_wconf 81' lang='lat' dir='ltr'><strong>prusis</strong></span> <span class='ocrx_word' id='word_1_67' title='bbox 1202 686 1342 745; x_wconf 77' lang='lat' dir='ltr'><strong>abundauit</strong></span> <span class='ocrx_word' id='word_1_68' title='bbox 1357 685 1447 759; x_wconf 81' lang='lat' dir='ltr'><strong>(Rom.</strong></span> <span class='ocrx_word' id='word_1_69' title='bbox 1462 701 1487 753; x_wconf 87' lang='lat' dir='ltr'><strong>s,</strong></span> <span class='ocrx_word' id='word_1_70' title='bbox 1500 684 1559 757; x_wconf 68' lang='lat' dir='ltr'><strong>ill).</strong></span> <span class='ocrx_word' id='word_1_71' title='bbox 1582 684 1728 754; x_wconf 78' lang='lat' dir='ltr'><strong>rosunum</strong></span> 
     </span>
     <span class='ocr_line' id='line_1_6' title="bbox 88 776 1730 853; baseline 0 -16"><span class='ocrx_word' id='word_1_72' title='bbox 88 797 138 853; x_wconf 91' lang='lat' dir='ltr'><strong>qne</strong></span> <span class='ocrx_word' id='word_1_73' title='bbox 151 780 202 844; x_wconf 75' lang='lat' dir='ltr'><strong>¹lric</strong></span> <span class='ocrx_word' id='word_1_74' title='bbox 215 781 259 850; x_wconf 94' lang='lat' dir='ltr'><strong>qui</strong></span> <span class='ocrx_word' id='word_1_75' title='bbox 275 796 328 837; x_wconf 91' lang='lat' dir='ltr'><strong>non</strong></span> <span class='ocrx_word' id='word_1_76' title='bbox 344 796 376 837; x_wconf 86' lang='lat' dir='ltr'><strong>ex</strong></span> <span class='ocrx_word' id='word_1_77' title='bbox 390 780 518 853; x_wconf 86' lang='lat' dir='ltr'><strong>operibus</strong></span> <span class='ocrx_word' id='word_1_78' title='bbox 530 779 662 853; x_wconf 79' lang='lat' dir='ltr'><strong>justitiam</strong></span> <span class='ocrx_word' id='word_1_79' title='bbox 678 778 878 853; x_wconf 66' lang='lat' dir='ltr'><strong>magnificabat,</strong></span> <span class='ocrx_word' id='word_1_80' title='bbox 930 776 1003 835; x_wconf 87' lang='lat' dir='ltr'><strong>enim</strong></span> <span class='ocrx_word' id='word_1_81' title='bbox 1018 780 1192 849; x_wconf 85' lang='lat' dir='ltr'><strong>repudiantes</strong></span> <span class='ocrx_word' id='word_1_82' title='bbox 1205 782 1320 853; x_wconf 76' lang='lat' dir='ltr'><strong>qratiam</strong></span> <span class='ocrx_word' id='word_1_83' title='bbox 1340 781 1388 838; x_wconf 87' lang='lat' dir='ltr'><strong>llei</strong></span> <span class='ocrx_word' id='word_1_84' title='bbox 1411 781 1513 840; x_wconf 83' lang='lat' dir='ltr'><strong>insunt</strong></span> <span class='ocrx_word' id='word_1_85' title='bbox 1535 791 1599 840; x_wconf 88' lang='lat' dir='ltr'><strong>sunt</strong></span> <span class='ocrx_word' id='word_1_86' title='bbox 1621 780 1648 836; x_wconf 93' lang='lat' dir='ltr'><strong>iu</strong></span> <span class='ocrx_word' id='word_1_87' title='bbox 1664 796 1730 851; x_wconf 62' lang='lat' dir='ltr'><strong>ope«</strong></span> 
     </span>
     <span class='ocr_line' id='line_1_7' title="bbox 86 868 1730 949; baseline 0.002 -22"><span class='ocrx_word' id='word_1_88' title='bbox 86 873 130 929; x_wconf 87' lang='lat' dir='ltr'><strong>scd</strong></span> <span class='ocrx_word' id='word_1_89' title='bbox 145 870 288 949; x_wconf 78' lang='lat' dir='ltr'><strong>grutrritrnn</strong></span> <span class='ocrx_word' id='word_1_90' title='bbox 306 873 352 929; x_wconf 83' lang='lat' dir='ltr'><strong>liei</strong></span> <span class='ocrx_word' id='word_1_91' title='bbox 367 874 480 943; x_wconf 78' lang='lat' dir='ltr'><strong>qratiam</strong></span> <span class='ocrx_word' id='word_1_92' title='bbox 493 872 690 937; x_wconf 81' lang='lat' dir='ltr'><strong>introducebat,</strong></span> <span class='ocrx_word' id='word_1_93' title='bbox 707 870 813 929; x_wconf 82' lang='lat' dir='ltr'><strong>Custodi</strong></span> <span class='ocrx_word' id='word_1_94' title='bbox 828 888 878 941; x_wconf 84' lang='lat' dir='ltr'><strong>me,</strong></span> <span class='ocrx_word' id='word_1_95' title='bbox 929 868 1004 925; x_wconf 87' lang='lat' dir='ltr'><strong>sibus</strong></span> <span class='ocrx_word' id='word_1_96' title='bbox 1016 869 1094 941; x_wconf 75' lang='lat' dir='ltr'><strong>legis,</strong></span> <span class='ocrx_word' id='word_1_97' title='bbox 1108 870 1224 931; x_wconf 77' lang='lat' dir='ltr'><strong>infirmis</strong></span> <span class='ocrx_word' id='word_1_98' title='bbox 1238 874 1304 931; x_wconf 90' lang='lat' dir='ltr'><strong>usira</strong></span> <span class='ocrx_word' id='word_1_99' title='bbox 1318 872 1390 931; x_wconf 87' lang='lat' dir='ltr'><strong>laets</strong></span> <span class='ocrx_word' id='word_1_100' title='bbox 1404 881 1447 931; x_wconf 90' lang='lat' dir='ltr'><strong>est</strong></span> <span class='ocrx_word' id='word_1_101' title='bbox 1462 871 1588 932; x_wconf 82' lang='lat' dir='ltr'><strong>rutenus</strong></span> <span class='ocrx_word' id='word_1_102' title='bbox 1604 873 1662 942; x_wconf 80' lang='lat' dir='ltr'><strong>oet,</strong></span> <span class='ocrx_word' id='word_1_103' title='bbox 1675 888 1730 945; x_wconf 89' lang='lat' dir='ltr'><strong>qus</strong></span> 
     </span>
     <span class='ocr_line' id='line_1_8' title="bbox 85 962 1729 1037; baseline 0 -14"><span class='ocrx_word' id='word_1_104' title='bbox 85 966 161 1031; x_wconf 85' lang='lat' dir='ltr'><strong>dixit,</strong></span> <span class='ocrx_word' id='word_1_105' title='bbox 174 964 291 1031; x_wconf 81' lang='lat' dir='ltr'><strong>demine,</strong></span> <span class='ocrx_word' id='word_1_106' title='bbox 302 967 364 1037; x_wconf 87' lang='lat' dir='ltr'><strong>qnia</strong></span> <span class='ocrx_word' id='word_1_107' title='bbox 373 967 400 1021; x_wconf 86' lang='lat' dir='ltr'><strong>in</strong></span> <span class='ocrx_word' id='word_1_108' title='bbox 414 976 438 1021; x_wconf 87' lang='grc' dir='ltr'><strong>ιι</strong></span> <span class='ocrx_word' id='word_1_109' title='bbox 448 966 558 1037; x_wconf 84' lang='lat' dir='ltr'><strong>sperusi.</strong></span> <span class='ocrx_word' id='word_1_110' title='bbox 570 966 662 1023; x_wconf 71' lang='lat' dir='ltr'><strong>dmum</strong></span> <span class='ocrx_word' id='word_1_111' title='bbox 675 965 797 1033; x_wconf 79' lang='lat' dir='ltr'><strong>Dourion,</strong></span> <span class='ocrx_word' id='word_1_112' title='bbox 810 964 880 1025; x_wconf 76' lang='lat' dir='ltr'><strong>bem</strong></span> <span class='ocrx_word' id='word_1_113' title='bbox 929 962 964 1019; x_wconf 87' lang='lat' dir='ltr'><strong>ad</strong></span> <span class='ocrx_word' id='word_1_114' title='bbox 977 963 1093 1037; x_wconf 75' lang='lat' dir='ltr'><strong>qratiam</strong></span> <span class='ocrx_word' id='word_1_115' title='bbox 1115 978 1191 1022; x_wconf 86' lang='lat' dir='ltr'><strong>suam</strong></span> <span class='ocrx_word' id='word_1_116' title='bbox 1212 964 1378 1035; x_wconf 73' lang='lat' dir='ltr'><strong>prouocabat</strong></span> <span class='ocrx_word' id='word_1_117' title='bbox 1396 980 1456 1023; x_wconf 83' lang='lat' dir='ltr'><strong>eos.</strong></span> <span class='ocrx_word' id='word_1_118' title='bbox 1472 966 1643 1037; x_wconf 77' lang='lat' dir='ltr'><strong>Quicumque</strong></span> <span class='ocrx_word' id='word_1_119' title='bbox 1664 982 1729 1037; x_wconf 77' lang='lat' dir='ltr'><strong>erpo</strong></span> 
     </span>
     <span class='ocr_line' id='line_1_9' title="bbox 85 1056 1729 1133; baseline 0.002 -18"><span class='ocrx_word' id='word_1_120' title='bbox 85 1075 152 1115; x_wconf 86' lang='lat' dir='ltr'><strong>meus</strong></span> <span class='ocrx_word' id='word_1_121' title='bbox 165 1074 192 1114; x_wconf 85' lang='lat' dir='ltr'><strong>es</strong></span> <span class='ocrx_word' id='word_1_122' title='bbox 206 1070 243 1115; x_wconf 90' lang='lat' dir='ltr'><strong>m.</strong></span> <span class='ocrx_word' id='word_1_123' title='bbox 272 1057 395 1115; x_wconf 86' lang='lat' dir='ltr'><strong>Potestas</strong></span> <span class='ocrx_word' id='word_1_124' title='bbox 409 1060 482 1117; x_wconf 90' lang='lat' dir='ltr'><strong>enim</strong></span> <span class='ocrx_word' id='word_1_125' title='bbox 495 1060 599 1119; x_wconf 83' lang='lat' dir='ltr'>Domini</span> <span class='ocrx_word' id='word_1_126' title='bbox 612 1061 638 1117; x_wconf 96' lang='lat' dir='ltr'><strong>iu</strong></span> <span class='ocrx_word' id='word_1_127' title='bbox 648 1078 682 1117; x_wconf 88' lang='lat' dir='ltr'><strong>en</strong></span> <span class='ocrx_word' id='word_1_128' title='bbox 695 1072 748 1128; x_wconf 87' lang='lat' dir='ltr'><strong>est,</strong></span> <span class='ocrx_word' id='word_1_129' title='bbox 760 1071 789 1117; x_wconf 92' lang='lat' dir='ltr'><strong>nt</strong></span> <span class='ocrx_word' id='word_1_130' title='bbox 798 1060 880 1122; x_wconf 82' lang='lat' dir='ltr'><strong>lucini</strong></span> <span class='ocrx_word' id='word_1_131' title='bbox 930 1056 989 1117; x_wconf 80' lang='lat' dir='ltr'><strong>vult</strong></span> <span class='ocrx_word' id='word_1_132' title='bbox 1001 1057 1092 1114; x_wconf 87' lang='lat' dir='ltr'><strong>salsus</strong></span> <span class='ocrx_word' id='word_1_133' title='bbox 1107 1073 1186 1125; x_wconf 89' lang='lat' dir='ltr'><strong>esse,</strong></span> <span class='ocrx_word' id='word_1_134' title='bbox 1203 1068 1311 1133; x_wconf 89' lang='lat' dir='ltr'><strong>oportet</strong></span> <span class='ocrx_word' id='word_1_135' title='bbox 1326 1069 1355 1116; x_wconf 92' lang='lat' dir='ltr'><strong>us</strong></span> <span class='ocrx_word' id='word_1_136' title='bbox 1365 1062 1452 1133; x_wconf 73' lang='lat' dir='ltr'><strong>grstia</strong></span> <span class='ocrx_word' id='word_1_137' title='bbox 1466 1060 1513 1119; x_wconf 79' lang='lat' dir='ltr'><strong>liei</strong></span> <span class='ocrx_word' id='word_1_138' title='bbox 1529 1059 1640 1121; x_wconf 86' lang='lat' dir='ltr'><strong>liberari</strong></span> <span class='ocrx_word' id='word_1_139' title='bbox 1652 1061 1729 1121; x_wconf 86' lang='lat' dir='ltr'><strong>retis.</strong></span> 
     </span>
     <span class='ocr_line' id='line_1_10' title="bbox 89 1138 1729 1227; baseline 0.002 -17"><span class='ocrx_word' id='word_1_140' title='bbox 89 1151 114 1210; x_wconf 93' lang='lat' dir='ltr'><strong>in</strong></span> <span class='ocrx_word' id='word_1_141' title='bbox 138 1167 245 1207; x_wconf 82' lang='lat' dir='ltr'><strong>servom</strong></span> <span class='ocrx_word' id='word_1_142' title='bbox 260 1152 421 1225; x_wconf 84' lang='lat' dir='ltr'><strong>quodvult,</strong></span> <span class='ocrx_word' id='word_1_143' title='bbox 442 1167 495 1207; x_wconf 87' lang='lat' dir='ltr'><strong>non</strong></span> <span class='ocrx_word' id='word_1_144' title='bbox 516 1153 588 1225; x_wconf 89' lang='lat' dir='ltr'><strong>qnod</strong></span> <span class='ocrx_word' id='word_1_145' title='bbox 609 1168 721 1210; x_wconf 88' lang='lat' dir='ltr'><strong>necesse</strong></span> <span class='ocrx_word' id='word_1_146' title='bbox 736 1154 826 1213; x_wconf 85' lang='lat' dir='ltr'><strong>bsbet·</strong></span> <span class='ocrx_word' id='word_1_147' title='bbox 851 1152 879 1213; x_wconf 86' lang='lat' dir='ltr'><strong>Sl</strong></span> <span class='ocrx_word' id='word_1_148' title='bbox 929 1151 1024 1223; x_wconf 89' lang='lat' dir='ltr'><strong>ltaque</strong></span> <span class='ocrx_word' id='word_1_149' title='bbox 1043 1138 1120 1212; x_wconf 77' lang='lat' dir='ltr'><strong>bene&#39;</strong></span> <span class='ocrx_word' id='word_1_150' title='bbox 1129 1152 1250 1227; x_wconf 84' lang='lat' dir='ltr'><strong>psalmus</strong></span> <span class='ocrx_word' id='word_1_151' title='bbox 1264 1156 1303 1211; x_wconf 91' lang='lat' dir='ltr'><strong>alt</strong></span> <span class='ocrx_word' id='word_1_152' title='bbox 1317 1173 1325 1211; x_wconf 82' lang='lat' dir='ltr'><strong>s</strong></span> <span class='ocrx_word' id='word_1_153' title='bbox 1346 1155 1405 1226; x_wconf 86' lang='lat' dir='ltr'><strong>ipsi</strong></span> <span class='ocrx_word' id='word_1_154' title='bbox 1418 1156 1497 1212; x_wconf 81' lang='lat' dir='ltr'><strong>miras</strong></span> <span class='ocrx_word' id='word_1_155' title='bbox 1512 1159 1625 1227; x_wconf 66' lang='lat' dir='ltr'><strong>[mrem</strong></span> <span class='ocrx_word' id='word_1_156' title='bbox 1637 1157 1729 1215; x_wconf 82' lang='lat' dir='ltr'><strong>selus·</strong></span> 
     </span>
     <span class='ocr_line' id='line_1_11' title="bbox 84 1242 1729 1319; baseline 0.005 -20"><span class='ocrx_word' id='word_1_157' title='bbox 84 1252 170 1300; x_wconf 85' lang='lat' dir='ltr'><strong>autern</strong></span> <span class='ocrx_word' id='word_1_158' title='bbox 183 1244 311 1313; x_wconf 80' lang='lat' dir='ltr'><strong>operibus</strong></span> <span class='ocrx_word' id='word_1_159' title='bbox 331 1258 436 1301; x_wconf 83' lang='lat' dir='ltr'><strong>merces</strong></span> <span class='ocrx_word' id='word_1_160' title='bbox 449 1242 580 1313; x_wconf 70' lang='lat' dir='ltr'><strong>ueneno,</strong></span> <span class='ocrx_word' id='word_1_161' title='bbox 600 1246 626 1305; x_wconf 88' lang='lat' dir='ltr'><strong>id</strong></span> <span class='ocrx_word' id='word_1_162' title='bbox 641 1246 706 1305; x_wconf 88' lang='lat' dir='ltr'><strong>milri</strong></span> <span class='ocrx_word' id='word_1_163' title='bbox 726 1248 878 1316; x_wconf 88' lang='lat' dir='ltr'><strong>retribuet,</strong></span> <span class='ocrx_word' id='word_1_164' title='bbox 930 1254 994 1305; x_wconf 85' lang='lat' dir='ltr'><strong>tutes</strong></span> <span class='ocrx_word' id='word_1_165' title='bbox 1008 1256 1067 1303; x_wconf 85' lang='lat' dir='ltr'><strong>tuus</strong></span> <span class='ocrx_word' id='word_1_166' title='bbox 1078 1247 1104 1302; x_wconf 87' lang='lat' dir='ltr'><strong>in</strong></span> <span class='ocrx_word' id='word_1_167' title='bbox 1114 1263 1160 1317; x_wconf 87' lang='lat' dir='ltr'><strong>ss,·</strong></span> <span class='ocrx_word' id='word_1_168' title='bbox 1175 1248 1356 1319; x_wconf 79' lang='lat' dir='ltr'><strong>metripticnse</strong></span> <span class='ocrx_word' id='word_1_169' title='bbox 1367 1260 1427 1309; x_wconf 82' lang='lat' dir='ltr'><strong>sent</strong></span> <span class='ocrx_word' id='word_1_170' title='bbox 1441 1248 1605 1319; x_wconf 76' lang='lat' dir='ltr'><strong>iupirrssitstes</strong></span> <span class='ocrx_word' id='word_1_171' title='bbox 1618 1266 1705 1307; x_wconf 84' lang='lat' dir='ltr'><strong>ssssrrs</strong></span> <span class='ocrx_word' id='word_1_172' title='bbox 1719 1266 1729 1309; x_wconf 85' lang='grc' dir='ltr'>ι</span> 
     </span>
     <span class='ocr_line' id='line_1_12' title="bbox 84 1328 1731 1413; baseline 0.006 -22"><span class='ocrx_word' id='word_1_173' title='bbox 84 1336 153 1409; x_wconf 93' lang='lat' dir='ltr'><strong>quod</strong></span> <span class='ocrx_word' id='word_1_174' title='bbox 174 1352 283 1393; x_wconf 79' lang='lat' dir='ltr'><strong>necesse</strong></span> <span class='ocrx_word' id='word_1_175' title='bbox 298 1328 443 1408; x_wconf 76' lang='lat' dir='ltr'><strong>babuerit,</strong></span> <span class='ocrx_word' id='word_1_176' title='bbox 460 1354 513 1395; x_wconf 89' lang='lat' dir='ltr'><strong>non</strong></span> <span class='ocrx_word' id='word_1_177' title='bbox 532 1338 604 1413; x_wconf 89' lang='lat' dir='ltr'><strong>quod</strong></span> <span class='ocrx_word' id='word_1_178' title='bbox 619 1340 743 1396; x_wconf 84' lang='lat' dir='ltr'><strong>nutrierit.</strong></span> <span class='ocrx_word' id='word_1_179' title='bbox 761 1339 790 1395; x_wconf 88' lang='lat' dir='ltr'><strong>Si</strong></span> <span class='ocrx_word' id='word_1_180' title='bbox 805 1339 878 1398; x_wconf 86' lang='lat' dir='ltr'><strong>enim</strong></span> <span class='ocrx_word' id='word_1_181' title='bbox 929 1347 985 1412; x_wconf 83' lang='lat' dir='ltr'><strong>poss</strong></span> <span class='ocrx_word' id='word_1_182' title='bbox 1001 1337 1280 1397; x_wconf 79' lang='lat' dir='ltr'><strong>berusseleruscrssst.</strong></span> <span class='ocrx_word' id='word_1_183' title='bbox 1294 1339 1362 1397; x_wconf 79' lang='lat' dir='ltr'><strong>Cum</strong></span> <span class='ocrx_word' id='word_1_184' title='bbox 1378 1342 1450 1397; x_wconf 89' lang='lat' dir='ltr'><strong>enim</strong></span> <span class='ocrx_word' id='word_1_185' title='bbox 1464 1342 1653 1411; x_wconf 83' lang='lat' dir='ltr'><strong>multiplicatas</strong></span> <span class='ocrx_word' id='word_1_186' title='bbox 1667 1350 1731 1403; x_wconf 81' lang='lat' dir='ltr'><strong>reru</strong></span> 
     </span>
     <span class='ocr_line' id='line_1_13' title="bbox 85 1428 1728 1505; baseline 0.003 -18"><span class='ocrx_word' id='word_1_187' title='bbox 85 1440 207 1501; x_wconf 87' lang='lat' dir='ltr'><strong>operatus</strong></span> <span class='ocrx_word' id='word_1_188' title='bbox 222 1428 317 1497; x_wconf 81' lang='lat' dir='ltr'><strong>luero,</strong></span> <span class='ocrx_word' id='word_1_189' title='bbox 333 1431 399 1489; x_wconf 89' lang='lat' dir='ltr'><strong>selis</strong></span> <span class='ocrx_word' id='word_1_190' title='bbox 414 1432 491 1501; x_wconf 90' lang='lat' dir='ltr'><strong>nolit,</strong></span> <span class='ocrx_word' id='word_1_191' title='bbox 508 1431 622 1491; x_wconf 88' lang='lat' dir='ltr'><strong>debetur</strong></span> <span class='ocrx_word' id='word_1_192' title='bbox 636 1431 701 1489; x_wconf 81' lang='lat' dir='ltr'><strong>mibi</strong></span> <span class='ocrx_word' id='word_1_193' title='bbox 716 1446 835 1501; x_wconf 85' lang='lat' dir='ltr'><strong>merses,</strong></span> <span class='ocrx_word' id='word_1_194' title='bbox 851 1440 879 1493; x_wconf 82' lang='lat' dir='ltr'><strong>el</strong></span> <span class='ocrx_word' id='word_1_195' title='bbox 930 1430 1099 1492; x_wconf 80' lang='lat' dir='ltr'><strong>infirmitates</strong></span> <span class='ocrx_word' id='word_1_196' title='bbox 1110 1446 1204 1494; x_wconf 89' lang='lat' dir='ltr'><strong>eorum</strong></span> <span class='ocrx_word' id='word_1_197' title='bbox 1219 1433 1264 1504; x_wconf 92' lang='lat' dir='ltr'><strong>qui</strong></span> <span class='ocrx_word' id='word_1_198' title='bbox 1274 1448 1305 1491; x_wconf 87' lang='lat' dir='ltr'><strong>se</strong></span> <span class='ocrx_word' id='word_1_199' title='bbox 1315 1434 1343 1491; x_wconf 87' lang='lat' dir='ltr'><strong>is</strong></span> <span class='ocrx_word' id='word_1_200' title='bbox 1357 1434 1486 1505; x_wconf 85' lang='lat' dir='ltr'><strong>operibus</strong></span> <span class='ocrx_word' id='word_1_201' title='bbox 1496 1435 1639 1505; x_wconf 80' lang='lat' dir='ltr'><strong>justiilesri</strong></span> <span class='ocrx_word' id='word_1_202' title='bbox 1653 1436 1728 1493; x_wconf 80' lang='lat' dir='ltr'><strong>sols·</strong></span> 
     </span>
     <span class='ocr_line' id='line_1_14' title="bbox 84 1522 1728 1601; baseline 0.005 -22"><span class='ocrx_word' id='word_1_203' title='bbox 84 1522 255 1581; x_wconf 77' lang='lat' dir='ltr'><strong>evacuabitur</strong></span> <span class='ocrx_word' id='word_1_204' title='bbox 271 1538 319 1595; x_wconf 86' lang='lat' dir='ltr'><strong>per</strong></span> <span class='ocrx_word' id='word_1_205' title='bbox 333 1524 391 1581; x_wconf 74' lang='lat' dir='ltr'><strong>bren</strong></span> <span class='ocrx_word' id='word_1_206' title='bbox 402 1526 488 1597; x_wconf 80' lang='lat' dir='ltr'><strong>qratia</strong></span> <span class='ocrx_word' id='word_1_207' title='bbox 503 1522 560 1589; x_wconf 86' lang='lat' dir='ltr'><strong>ilci,</strong></span> <span class='ocrx_word' id='word_1_208' title='bbox 574 1524 645 1583; x_wconf 86' lang='lat' dir='ltr'><strong>sicut</strong></span> <span class='ocrx_word' id='word_1_209' title='bbox 657 1525 803 1595; x_wconf 72' lang='lat' dir='ltr'><strong>spostolus</strong></span> <span class='ocrx_word' id='word_1_210' title='bbox 816 1524 876 1579; x_wconf 82' lang='lat' dir='ltr'><strong>aits</strong></span> <span class='ocrx_word' id='word_1_211' title='bbox 929 1525 1014 1593; x_wconf 89' lang='lat' dir='ltr'><strong>bant,</strong></span> <span class='ocrx_word' id='word_1_212' title='bbox 1029 1526 1106 1583; x_wconf 80' lang='lat' dir='ltr'><strong>mire</strong></span> <span class='ocrx_word' id='word_1_213' title='bbox 1120 1524 1199 1585; x_wconf 79' lang='lat' dir='ltr'><strong>iactae</strong></span> <span class='ocrx_word' id='word_1_214' title='bbox 1217 1536 1281 1587; x_wconf 86' lang='lat' dir='ltr'><strong>suus</strong></span> <span class='ocrx_word' id='word_1_215' title='bbox 1294 1528 1450 1585; x_wconf 83' lang='lat' dir='ltr'><strong>uoluntates</strong></span> <span class='ocrx_word' id='word_1_216' title='bbox 1465 1528 1512 1586; x_wconf 86' lang='lat' dir='ltr'><strong>liei</strong></span> <span class='ocrx_word' id='word_1_217' title='bbox 1526 1544 1587 1601; x_wconf 77' lang='lat' dir='ltr'><strong>que</strong></span> <span class='ocrx_word' id='word_1_218' title='bbox 1599 1530 1633 1585; x_wconf 87' lang='lat' dir='ltr'><strong>sd</strong></span> <span class='ocrx_word' id='word_1_219' title='bbox 1646 1530 1728 1588; x_wconf 88' lang='lat' dir='ltr'><strong>tideus</strong></span> 
     </span>
     <span class='ocr_line' id='line_1_15' title="bbox 83 1614 1729 1693; baseline -0.001 -20"><span class='ocrx_word' id='word_1_220' title='bbox 83 1614 148 1673; x_wconf 86' lang='lat' dir='ltr'><strong>Num</strong></span> <span class='ocrx_word' id='word_1_221' title='bbox 162 1616 206 1685; x_wconf 88' lang='lat' dir='ltr'><strong>qui</strong></span> <span class='ocrx_word' id='word_1_222' title='bbox 220 1624 369 1686; x_wconf 89' lang='lat' dir='ltr'><strong>operatus,</strong></span> <span class='ocrx_word' id='word_1_223' title='bbox 385 1631 489 1673; x_wconf 86' lang='lat' dir='ltr'><strong>merces</strong></span> <span class='ocrx_word' id='word_1_224' title='bbox 509 1616 547 1673; x_wconf 89' lang='lat' dir='ltr'><strong>illi</strong></span> <span class='ocrx_word' id='word_1_225' title='bbox 564 1626 674 1689; x_wconf 87' lang='lat' dir='ltr'><strong>accepta</strong></span> <span class='ocrx_word' id='word_1_226' title='bbox 690 1616 719 1672; x_wconf 94' lang='lat' dir='ltr'><strong>lit</strong></span> <span class='ocrx_word' id='word_1_227' title='bbox 734 1632 782 1689; x_wconf 88' lang='lat' dir='ltr'><strong>per</strong></span> <span class='ocrx_word' id='word_1_228' title='bbox 799 1614 878 1673; x_wconf 77' lang='lat' dir='ltr'><strong>deiri-</strong></span> <span class='ocrx_word' id='word_1_229' title='bbox 929 1618 1023 1693; x_wconf 74' lang='lat' dir='ltr'><strong>qratire</strong></span> <span class='ocrx_word' id='word_1_230' title='bbox 1038 1618 1180 1680; x_wconf 81' lang='lat' dir='ltr'><strong>rocnlssnt.</strong></span> <span class='ocrx_word' id='word_1_231' title='bbox 1200 1618 1303 1679; x_wconf 86' lang='lat' dir='ltr'><strong>ilerum</strong></span> <span class='ocrx_word' id='word_1_232' title='bbox 1317 1618 1400 1691; x_wconf 75' lang='lat' dir='ltr'><strong>igitur</strong></span> <span class='ocrx_word' id='word_1_233' title='bbox 1413 1635 1582 1691; x_wconf 73' lang='lat' dir='ltr'><strong>synsqopns,</strong></span> <span class='ocrx_word' id='word_1_234' title='bbox 1597 1622 1654 1689; x_wconf 78' lang='lat' dir='ltr'><strong>nis,</strong></span> <span class='ocrx_word' id='word_1_235' title='bbox 1674 1636 1729 1679; x_wconf 79' lang='lat' dir='ltr'><strong>nnn</strong></span> 
     </span>
     <span class='ocr_line' id='line_1_16' title="bbox 85 1709 1729 1783; baseline 0.004 -20"><span class='ocrx_word' id='word_1_236' title='bbox 85 1716 154 1775; x_wconf 87' lang='lat' dir='ltr'><strong>turn,</strong></span> <span class='ocrx_word' id='word_1_237' title='bbox 170 1722 221 1765; x_wconf 91' lang='lat' dir='ltr'><strong>non</strong></span> <span class='ocrx_word' id='word_1_238' title='bbox 238 1710 432 1783; x_wconf 67' lang='lat' dir='ltr'><strong>pergratiam,</strong></span> <span class='ocrx_word' id='word_1_239' title='bbox 447 1710 495 1767; x_wconf 88' lang='lat' dir='ltr'><strong>sed</strong></span> <span class='ocrx_word' id='word_1_240' title='bbox 522 1709 569 1782; x_wconf 88' lang='lat' dir='ltr'><strong>qui</strong></span> <span class='ocrx_word' id='word_1_241' title='bbox 582 1724 612 1769; x_wconf 83' lang='lat' dir='ltr'><strong>sc</strong></span> <span class='ocrx_word' id='word_1_242' title='bbox 632 1722 687 1767; x_wconf 88' lang='lat' dir='ltr'><strong>uon</strong></span> <span class='ocrx_word' id='word_1_243' title='bbox 701 1724 736 1767; x_wconf 84' lang='lat' dir='ltr'><strong>es</strong></span> <span class='ocrx_word' id='word_1_244' title='bbox 750 1709 877 1781; x_wconf 85' lang='lat' dir='ltr'><strong>operibus</strong></span> <span class='ocrx_word' id='word_1_245' title='bbox 931 1710 1088 1783; x_wconf 77' lang='lat' dir='ltr'><strong>sqqreqabn</strong></span> <span class='ocrx_word' id='word_1_246' title='bbox 1106 1710 1140 1767; x_wconf 91' lang='lat' dir='ltr'><strong>de</strong></span> <span class='ocrx_word' id='word_1_247' title='bbox 1154 1710 1286 1781; x_wconf 77' lang='lat' dir='ltr'><strong>sanquine</strong></span> <span class='ocrx_word' id='word_1_248' title='bbox 1306 1726 1389 1771; x_wconf 83' lang='lat' dir='ltr'><strong>suen:</strong></span> <span class='ocrx_word' id='word_1_249' title='bbox 1405 1710 1432 1769; x_wconf 88' lang='lat' dir='ltr'><strong>id</strong></span> <span class='ocrx_word' id='word_1_250' title='bbox 1452 1720 1494 1769; x_wconf 86' lang='lat' dir='ltr'><strong>est</strong></span> <span class='ocrx_word' id='word_1_251' title='bbox 1506 1753 1514 1779; x_wconf 98' lang='lat'><strong>,</strong></span> <span class='ocrx_word' id='word_1_252' title='bbox 1528 1728 1581 1772; x_wconf 92' lang='lat' dir='ltr'><strong>non</strong></span> <span class='ocrx_word' id='word_1_253' title='bbox 1597 1712 1729 1773; x_wconf 80' lang='lat' dir='ltr'><strong>rediissem</strong></span> 
     </span>
     <span class='ocr_line' id='line_1_17' title="bbox 83 1800 1730 1878; baseline 0.004 -23"><span class='ocrx_word' id='word_1_254' title='bbox 83 1800 149 1867; x_wconf 84' lang='lat' dir='ltr'><strong>suis,</strong></span> <span class='ocrx_word' id='word_1_255' title='bbox 160 1800 206 1857; x_wconf 87' lang='lat' dir='ltr'><strong>sed</strong></span> <span class='ocrx_word' id='word_1_256' title='bbox 221 1816 253 1859; x_wconf 87' lang='lat' dir='ltr'><strong>es</strong></span> <span class='ocrx_word' id='word_1_257' title='bbox 266 1802 351 1873; x_wconf 76' lang='lat' dir='ltr'><strong>qratia</strong></span> <span class='ocrx_word' id='word_1_258' title='bbox 362 1802 408 1859; x_wconf 85' lang='lat' dir='ltr'><strong>Dei</strong></span> <span class='ocrx_word' id='word_1_259' title='bbox 421 1803 527 1861; x_wconf 87' lang='lat' dir='ltr'><strong>salsum</strong></span> <span class='ocrx_word' id='word_1_260' title='bbox 540 1802 598 1861; x_wconf 81' lang='lat' dir='ltr'><strong>lteri</strong></span> <span class='ocrx_word' id='word_1_261' title='bbox 608 1804 676 1873; x_wconf 85' lang='lat' dir='ltr'><strong>snit,</strong></span> <span class='ocrx_word' id='word_1_262' title='bbox 688 1808 759 1861; x_wconf 88' lang='lat' dir='ltr'><strong>sieut</strong></span> <span class='ocrx_word' id='word_1_263' title='bbox 770 1810 878 1875; x_wconf 87' lang='lat' dir='ltr'><strong>oportet</strong></span> <span class='ocrx_word' id='word_1_264' title='bbox 891 1808 915 1872; x_wconf 81' lang='lat' dir='ltr'><strong>li</strong></span> <span class='ocrx_word' id='word_1_265' title='bbox 928 1802 1431 1878; x_wconf 72' lang='lat' dir='ltr'><strong>eusqniredenpriumumengratie</strong></span> <span class='ocrx_word' id='word_1_266' title='bbox 1444 1820 1498 1863; x_wconf 93' lang='lat' dir='ltr'><strong>uun</strong></span> <span class='ocrx_word' id='word_1_267' title='bbox 1509 1805 1661 1877; x_wconf 85' lang='lat' dir='ltr'><strong>requirunt.</strong></span> <span class='ocrx_word' id='word_1_268' title='bbox 1673 1803 1730 1863; x_wconf 88' lang='lat' dir='ltr'><strong>Nes</strong></span> 
     </span>
     <span class='ocr_line' id='line_1_18' title="bbox 83 1893 1729 1969; baseline 0.001 -18"><span class='ocrx_word' id='word_1_269' title='bbox 83 1908 130 1951; x_wconf 81' lang='lat' dir='ltr'><strong>nos</strong></span> <span class='ocrx_word' id='word_1_270' title='bbox 143 1908 238 1949; x_wconf 88' lang='lat' dir='ltr'><strong>orrrnes</strong></span> <span class='ocrx_word' id='word_1_271' title='bbox 252 1893 384 1961; x_wconf 70' lang='lat' dir='ltr'><strong>crederes</strong></span> <span class='ocrx_word' id='word_1_272' title='bbox 400 1894 445 1954; x_wconf 88' lang='lat' dir='ltr'><strong>bic</strong></span> <span class='ocrx_word' id='word_1_273' title='bbox 459 1911 573 1967; x_wconf 84' lang='lat' dir='ltr'><strong>sperans</strong></span> <span class='ocrx_word' id='word_1_274' title='bbox 585 1896 613 1957; x_wconf 92' lang='lat' dir='ltr'><strong>in</strong></span> <span class='ocrx_word' id='word_1_275' title='bbox 631 1896 715 1955; x_wconf 87' lang='lat' dir='ltr'><strong>[lenus</strong></span> <span class='ocrx_word' id='word_1_276' title='bbox 730 1897 877 1955; x_wconf 85' lang='lat' dir='ltr'><strong>censblnet</strong></span> <span class='ocrx_word' id='word_1_277' title='bbox 929 1895 1101 1963; x_wconf 63' lang='lat' dir='ltr'><strong>memoretur,</strong></span> <span class='ocrx_word' id='word_1_278' title='bbox 1111 1896 1210 1969; x_wconf 90' lang='lat' dir='ltr'><strong>iuquit,</strong></span> <span class='ocrx_word' id='word_1_279' title='bbox 1223 1896 1330 1956; x_wconf 86' lang='lat' dir='ltr'><strong>ucusiue</strong></span> <span class='ocrx_word' id='word_1_280' title='bbox 1343 1912 1432 1953; x_wconf 83' lang='lat' dir='ltr'><strong>esrum</strong></span> <span class='ocrx_word' id='word_1_281' title='bbox 1450 1914 1495 1968; x_wconf 83' lang='lat' dir='ltr'><strong>per</strong></span> <span class='ocrx_word' id='word_1_282' title='bbox 1508 1896 1578 1957; x_wconf 85' lang='lat' dir='ltr'><strong>luitis</strong></span> <span class='ocrx_word' id='word_1_283' title='bbox 1594 1897 1729 1967; x_wconf 70' lang='lat' dir='ltr'><strong>sermoni</strong></span> 
     </span>
     <span class='ocr_line' id='line_1_19' title="bbox 81 1986 1724 2061; baseline 0.002 -20"><span class='ocrx_word' id='word_1_284' title='bbox 81 1986 131 2043; x_wconf 86' lang='lat' dir='ltr'><strong>sibi</strong></span> <span class='ocrx_word' id='word_1_285' title='bbox 146 1986 246 2045; x_wconf 89' lang='lat' dir='ltr'><strong>bonnm</strong></span> <span class='ocrx_word' id='word_1_286' title='bbox 261 1988 333 2061; x_wconf 90' lang='lat' dir='ltr'><strong>quud</strong></span> <span class='ocrx_word' id='word_1_287' title='bbox 354 1988 469 2051; x_wconf 88' lang='lat' dir='ltr'><strong>soluerit</strong></span> <span class='ocrx_word' id='word_1_288' title='bbox 491 1991 582 2059; x_wconf 85' lang='lat' dir='ltr'><strong>licus,</strong></span> <span class='ocrx_word' id='word_1_289' title='bbox 604 2005 657 2047; x_wconf 90' lang='lat' dir='ltr'><strong>non</strong></span> <span class='ocrx_word' id='word_1_290' title='bbox 676 1991 747 2059; x_wconf 86' lang='lat' dir='ltr'><strong>qnod</strong></span> <span class='ocrx_word' id='word_1_291' title='bbox 763 2005 877 2051; x_wconf 77' lang='lat' dir='ltr'><strong>necess</strong></span> <span class='ocrx_word' id='word_1_292' title='bbox 927 1988 1000 2046; x_wconf 90' lang='lat' dir='ltr'><strong>enim</strong></span> <span class='ocrx_word' id='word_1_293' title='bbox 1015 1988 1042 2047; x_wconf 88' lang='lat' dir='ltr'><strong>iss</strong></span> <span class='ocrx_word' id='word_1_294' title='bbox 1057 1987 1186 2061; x_wconf 86' lang='lat' dir='ltr'><strong>operibus</strong></span> <span class='ocrx_word' id='word_1_295' title='bbox 1197 1989 1255 2045; x_wconf 88' lang='lat' dir='ltr'><strong>suis</strong></span> <span class='ocrx_word' id='word_1_296' title='bbox 1270 1986 1326 2044; x_wconf 82' lang='lat' dir='ltr'><strong>rntr</strong></span> <span class='ocrx_word' id='word_1_297' title='bbox 1345 1988 1436 2045; x_wconf 84' lang='lat' dir='ltr'><strong>salsus</strong></span> <span class='ocrx_word' id='word_1_298' title='bbox 1453 2003 1536 2057; x_wconf 86' lang='lat' dir='ltr'><strong>esse,</strong></span> <span class='ocrx_word' id='word_1_299' title='bbox 1556 1988 1601 2048; x_wconf 85' lang='lat' dir='ltr'><strong>irie</strong></span> <span class='ocrx_word' id='word_1_300' title='bbox 1619 1989 1724 2047; x_wconf 89' lang='lat' dir='ltr'><strong>beneti-</strong></span> 
     </span>
     <span class='ocr_line' id='line_1_20' title="bbox 82 2081 1728 2157; baseline -0.002 -20"><span class='ocrx_word' id='word_1_301' title='bbox 82 2082 226 2149; x_wconf 84' lang='lat' dir='ltr'><strong>bnburrit‚</strong></span> <span class='ocrx_word' id='word_1_302' title='bbox 252 2098 283 2138; x_wconf 89' lang='lat' dir='ltr'><strong>ac</strong></span> <span class='ocrx_word' id='word_1_303' title='bbox 306 2098 355 2155; x_wconf 88' lang='lat' dir='ltr'><strong>per</strong></span> <span class='ocrx_word' id='word_1_304' title='bbox 371 2084 422 2141; x_wconf 90' lang='lat' dir='ltr'><strong>buc</strong></span> <span class='ocrx_word' id='word_1_305' title='bbox 441 2082 625 2157; x_wconf 70' lang='lat' dir='ltr'><strong>significanter</strong></span> <span class='ocrx_word' id='word_1_306' title='bbox 647 2086 705 2153; x_wconf 85' lang='lat' dir='ltr'><strong>eit,</strong></span> <span class='ocrx_word' id='word_1_307' title='bbox 729 2083 813 2143; x_wconf 76' lang='lat' dir='ltr'><strong>iens.</strong></span> <span class='ocrx_word' id='word_1_308' title='bbox 838 2087 875 2141; x_wconf 84' lang='lat' dir='ltr'><strong>il:</strong></span> <span class='ocrx_word' id='word_1_309' title='bbox 927 2082 998 2141; x_wconf 88' lang='lat' dir='ltr'><strong>cium</strong></span> <span class='ocrx_word' id='word_1_310' title='bbox 1014 2097 1103 2142; x_wconf 84' lang='lat' dir='ltr'><strong>sucum</strong></span> <span class='ocrx_word' id='word_1_311' title='bbox 1119 2096 1174 2141; x_wconf 90' lang='lat' dir='ltr'><strong>nun</strong></span> <span class='ocrx_word' id='word_1_312' title='bbox 1187 2081 1332 2141; x_wconf 80' lang='lat' dir='ltr'><strong>condietur</strong></span> <span class='ocrx_word' id='word_1_313' title='bbox 1347 2099 1354 2135; x_wconf 81' lang='grc' dir='ltr'>ι</span> <span class='ocrx_word' id='word_1_314' title='bbox 1369 2090 1398 2139; x_wconf 89' lang='lat' dir='ltr'><strong>et</strong></span> <span class='ocrx_word' id='word_1_315' title='bbox 1414 2081 1458 2151; x_wconf 88' lang='lat' dir='ltr'><strong>qui</strong></span> <span class='ocrx_word' id='word_1_316' title='bbox 1477 2097 1518 2143; x_wconf 85' lang='lat' dir='ltr'><strong>sne</strong></span> <span class='ocrx_word' id='word_1_317' title='bbox 1532 2081 1664 2149; x_wconf 73' lang='lat' dir='ltr'><strong>consessus</strong></span> <span class='ocrx_word' id='word_1_318' title='bbox 1674 2097 1728 2141; x_wconf 82' lang='lat' dir='ltr'><strong>nnn</strong></span> 
     </span>
     <span class='ocr_line' id='line_1_21' title="bbox 81 2172 1727 2250; baseline -0.002 -17"><span class='ocrx_word' id='word_1_319' title='bbox 81 2176 142 2233; x_wconf 79' lang='lat' dir='ltr'><strong>Dixi</strong></span> <span class='ocrx_word' id='word_1_320' title='bbox 157 2176 488 2248; x_wconf 68' lang='lat' dir='ltr'><strong>contentiosissimus</strong></span> <span class='ocrx_word' id='word_1_321' title='bbox 507 2188 544 2235; x_wconf 86' lang='lat' dir='ltr'><strong>ts.</strong></span> <span class='ocrx_word' id='word_1_322' title='bbox 559 2177 651 2250; x_wconf 82' lang='lat' dir='ltr'><strong>Neque</strong></span> <span class='ocrx_word' id='word_1_323' title='bbox 663 2178 737 2235; x_wconf 89' lang='lat' dir='ltr'><strong>euim</strong></span> <span class='ocrx_word' id='word_1_324' title='bbox 749 2194 876 2249; x_wconf 84' lang='lat' dir='ltr'><strong>nmquam</strong></span> <span class='ocrx_word' id='word_1_325' title='bbox 928 2176 1005 2247; x_wconf 74' lang='lat' dir='ltr'><strong>luerit</strong></span> <span class='ocrx_word' id='word_1_326' title='bbox 1021 2191 1110 2232; x_wconf 87' lang='lat' dir='ltr'><strong>cursus</strong></span> <span class='ocrx_word' id='word_1_327' title='bbox 1123 2172 1279 2242; x_wconf 79' lang='lat' dir='ltr'><strong>tonsoribus,</strong></span> <span class='ocrx_word' id='word_1_328' title='bbox 1295 2192 1341 2238; x_wconf 82' lang='lat' dir='ltr'><strong>pes</strong></span> <span class='ocrx_word' id='word_1_329' title='bbox 1351 2191 1397 2249; x_wconf 78' lang='lat' dir='ltr'><strong>cqc</strong></span> <span class='ocrx_word' id='word_1_330' title='bbox 1408 2174 1630 2247; x_wconf 71' lang='lat' dir='ltr'><strong>confiteberiilurss</strong></span> <span class='ocrx_word' id='word_1_331' title='bbox 1640 2190 1727 2232; x_wconf 89' lang='lat' dir='ltr'><strong>coruus</strong></span> 
     </span>
     <span class='ocr_line' id='line_1_22' title="bbox 80 2266 1728 2343; baseline -0.001 -18"><span class='ocrx_word' id='word_1_332' title='bbox 80 2268 208 2339; x_wconf 77' lang='lat' dir='ltr'><strong>Dominus</strong></span> <span class='ocrx_word' id='word_1_333' title='bbox 221 2271 389 2343; x_wconf 74' lang='lat' dir='ltr'><strong>qratiassqit</strong></span> <span class='ocrx_word' id='word_1_334' title='bbox 403 2286 494 2338; x_wconf 83' lang='lat' dir='ltr'><strong>serso,</strong></span> <span class='ocrx_word' id='word_1_335' title='bbox 514 2270 538 2329; x_wconf 89' lang='lat' dir='ltr'><strong>si</strong></span> <span class='ocrx_word' id='word_1_336' title='bbox 552 2271 649 2329; x_wconf 86' lang='lat' dir='ltr'><strong>iecerit</strong></span> <span class='ocrx_word' id='word_1_337' title='bbox 662 2271 732 2343; x_wconf 91' lang='lat' dir='ltr'><strong>quod</strong></span> <span class='ocrx_word' id='word_1_338' title='bbox 747 2270 877 2343; x_wconf 74' lang='lat' dir='ltr'><strong>jusserlts</strong></span> <span class='ocrx_word' id='word_1_339' title='bbox 931 2268 1009 2330; x_wconf 80' lang='lat' dir='ltr'><strong>Putre</strong></span> <span class='ocrx_word' id='word_1_340' title='bbox 1029 2286 1086 2327; x_wconf 83' lang='lat' dir='ltr'><strong>ures</strong></span> <span class='ocrx_word' id='word_1_341' title='bbox 1103 2267 1146 2343; x_wconf 87' lang='lat' dir='ltr'><strong>qui</strong></span> <span class='ocrx_word' id='word_1_342' title='bbox 1166 2276 1202 2327; x_wconf 79' lang='lat' dir='ltr'><strong>est</strong></span> <span class='ocrx_word' id='word_1_343' title='bbox 1216 2271 1244 2325; x_wconf 86' lang='lat' dir='ltr'><strong>irs</strong></span> <span class='ocrx_word' id='word_1_344' title='bbox 1258 2268 1328 2325; x_wconf 82' lang='lat' dir='ltr'><strong>cerlis</strong></span> <span class='ocrx_word' id='word_1_345' title='bbox 1344 2266 1451 2340; x_wconf 81' lang='lat' dir='ltr'><strong>(iluttls.</strong></span> <span class='ocrx_word' id='word_1_346' title='bbox 1476 2284 1514 2335; x_wconf 84' lang='lat' dir='ltr'><strong>s,</strong></span> <span class='ocrx_word' id='word_1_347' title='bbox 1531 2266 1588 2339; x_wconf 73' lang='lat' dir='ltr'><strong>bd).</strong></span> <span class='ocrx_word' id='word_1_348' title='bbox 1604 2267 1682 2336; x_wconf 78' lang='lat' dir='ltr'><strong>Quod</strong></span> <span class='ocrx_word' id='word_1_349' title='bbox 1702 2267 1728 2329; x_wconf 87' lang='lat' dir='ltr'><strong>si</strong></span> 
     </span>
     <span class='ocr_line' id='line_1_23' title="bbox 80 2360 1729 2437; baseline 0.001 -20"><span class='ocrx_word' id='word_1_350' title='bbox 80 2360 126 2417; x_wconf 86' lang='lat' dir='ltr'><strong>sed</strong></span> <span class='ocrx_word' id='word_1_351' title='bbox 141 2377 189 2433; x_wconf 87' lang='lat' dir='ltr'><strong>per</strong></span> <span class='ocrx_word' id='word_1_352' title='bbox 214 2362 273 2419; x_wconf 74' lang='lat' dir='ltr'><strong>brec</strong></span> <span class='ocrx_word' id='word_1_353' title='bbox 284 2364 374 2423; x_wconf 88' lang='lat' dir='ltr'><strong>omniu</strong></span> <span class='ocrx_word' id='word_1_354' title='bbox 390 2363 544 2437; x_wconf 81' lang='lat' dir='ltr'><strong>exspectari</strong></span> <span class='ocrx_word' id='word_1_355' title='bbox 566 2365 638 2421; x_wconf 85' lang='lat' dir='ltr'><strong>solet</strong></span> <span class='ocrx_word' id='word_1_356' title='bbox 660 2362 877 2426; x_wconf 85' lang='lat' dir='ltr'><strong>benevolentium</strong></span> <span class='ocrx_word' id='word_1_357' title='bbox 929 2364 981 2421; x_wconf 86' lang='lat' dir='ltr'><strong>ltus</strong></span> <span class='ocrx_word' id='word_1_358' title='bbox 995 2365 1064 2419; x_wconf 86' lang='lat' dir='ltr'><strong>tales</strong></span> <span class='ocrx_word' id='word_1_359' title='bbox 1078 2380 1131 2419; x_wconf 91' lang='lat' dir='ltr'><strong>non</strong></span> <span class='ocrx_word' id='word_1_360' title='bbox 1147 2362 1236 2419; x_wconf 87' lang='lat' dir='ltr'><strong>luerat</strong></span> <span class='ocrx_word' id='word_1_361' title='bbox 1248 2372 1470 2433; x_wconf 75' lang='lat' dir='ltr'><strong>congregaturus,</strong></span> <span class='ocrx_word' id='word_1_362' title='bbox 1487 2369 1629 2430; x_wconf 70' lang='lat' dir='ltr'><strong>supererat</strong></span> <span class='ocrx_word' id='word_1_363' title='bbox 1642 2371 1671 2420; x_wconf 90' lang='lat' dir='ltr'><strong>ut</strong></span> <span class='ocrx_word' id='word_1_364' title='bbox 1682 2375 1729 2418; x_wconf 81' lang='lat' dir='ltr'><strong>os·</strong></span> 
     </span>
     <span class='ocr_line' id='line_1_24' title="bbox 79 2452 1728 2533; baseline 0 -22"><span class='ocrx_word' id='word_1_365' title='bbox 79 2469 153 2511; x_wconf 84' lang='lat' dir='ltr'><strong>suurn</strong></span> <span class='ocrx_word' id='word_1_366' title='bbox 173 2463 200 2511; x_wconf 86' lang='lat' dir='ltr'><strong>et</strong></span> <span class='ocrx_word' id='word_1_367' title='bbox 222 2455 357 2529; x_wconf 74' lang='lat' dir='ltr'><strong>protinus,</strong></span> <span class='ocrx_word' id='word_1_368' title='bbox 380 2455 450 2515; x_wconf 84' lang='lat' dir='ltr'><strong>sient</strong></span> <span class='ocrx_word' id='word_1_369' title='bbox 469 2467 497 2513; x_wconf 88' lang='lat' dir='ltr'><strong>et</strong></span> <span class='ocrx_word' id='word_1_370' title='bbox 520 2458 649 2517; x_wconf 79' lang='lat' dir='ltr'><strong>[ruminus</strong></span> <span class='ocrx_word' id='word_1_371' title='bbox 663 2457 744 2515; x_wconf 89' lang='lat' dir='ltr'><strong>ducet</strong></span> <span class='ocrx_word' id='word_1_372' title='bbox 761 2457 877 2517; x_wconf 84' lang='lat' dir='ltr'><strong>rtieeuss</strong></span> <span class='ocrx_word' id='word_1_373' title='bbox 929 2458 1054 2520; x_wconf 85' lang='lat' dir='ltr'><strong>tenderet</strong></span> <span class='ocrx_word' id='word_1_374' title='bbox 1066 2474 1135 2533; x_wconf 88' lang='lat' dir='ltr'><strong>ques</strong></span> <span class='ocrx_word' id='word_1_375' title='bbox 1149 2459 1177 2521; x_wconf 86' lang='lat' dir='ltr'><strong>in</strong></span> <span class='ocrx_word' id='word_1_376' title='bbox 1189 2457 1349 2521; x_wconf 76' lang='lat' dir='ltr'><strong>hereditate</strong></span> <span class='ocrx_word' id='word_1_377' title='bbox 1360 2464 1521 2527; x_wconf 78' lang='lat' dir='ltr'><strong>recepturus</strong></span> <span class='ocrx_word' id='word_1_378' title='bbox 1535 2463 1619 2515; x_wconf 84' lang='lat' dir='ltr'><strong>esset.</strong></span> <span class='ocrx_word' id='word_1_379' title='bbox 1635 2452 1728 2525; x_wconf 83' lang='lat' dir='ltr'><strong>imque</strong></span> 
     </span>
     <span class='ocr_line' id='line_1_25' title="bbox 81 2544 1198 2627; baseline 0.009 -28"><span class='ocrx_word' id='word_1_380' title='bbox 81 2544 143 2611; x_wconf 84' lang='lat' dir='ltr'><strong>Quis</strong></span> <span class='ocrx_word' id='word_1_381' title='bbox 157 2562 189 2603; x_wconf 84' lang='lat' dir='ltr'><strong>ec</strong></span> <span class='ocrx_word' id='word_1_382' title='bbox 208 2547 279 2605; x_wconf 81' lang='lat' dir='ltr'><strong>orbis</strong></span> <span class='ocrx_word' id='word_1_383' title='bbox 299 2546 374 2605; x_wconf 78' lang='lat' dir='ltr'><strong>triu</strong></span> <span class='ocrx_word' id='word_1_384' title='bbox 393 2565 494 2605; x_wconf 85' lang='lat' dir='ltr'><strong>serrum</strong></span> <span class='ocrx_word' id='word_1_385' title='bbox 513 2559 629 2605; x_wconf 73' lang='lat' dir='ltr'><strong>munem</strong></span> <span class='ocrx_word' id='word_1_386' title='bbox 648 2560 692 2609; x_wconf 85' lang='lat' dir='ltr'><strong>est</strong></span> <span class='ocrx_word' id='word_1_387' title='bbox 707 2551 878 2623; x_wconf 67' lang='lat' dir='ltr'><strong>periment</strong></span> <span class='ocrx_word' id='word_1_388' title='bbox 930 2553 1198 2627; x_wconf 77' lang='lat' dir='ltr'><strong>ordinesnbiunqit:</strong></span> 
     </span>
     <span class='ocr_line' id='line_1_26' title="bbox 80 2636 1728 2716; baseline 0.002 -21"><span class='ocrx_word' id='word_1_389' title='bbox 80 2636 215 2711; x_wconf 80' lang='lat' dir='ltr'><strong>Numquid</strong></span> <span class='ocrx_word' id='word_1_390' title='bbox 239 2656 297 2697; x_wconf 87' lang='lat' dir='ltr'><strong>cuns</strong></span> <span class='ocrx_word' id='word_1_391' title='bbox 316 2642 411 2699; x_wconf 75' lang='lat' dir='ltr'><strong>reneis</strong></span> <span class='ocrx_word' id='word_1_392' title='bbox 430 2642 547 2711; x_wconf 87' lang='lat' dir='ltr'><strong>dentum,</strong></span> <span class='ocrx_word' id='word_1_393' title='bbox 570 2644 632 2699; x_wconf 83' lang='lat' dir='ltr'><strong>dieii</strong></span> <span class='ocrx_word' id='word_1_394' title='bbox 650 2646 685 2715; x_wconf 88' lang='lat' dir='ltr'><strong>si,</strong></span> <span class='ocrx_word' id='word_1_395' title='bbox 707 2646 787 2703; x_wconf 89' lang='lat' dir='ltr'><strong>truusi</strong></span> <span class='ocrx_word' id='word_1_396' title='bbox 800 2655 823 2703; x_wconf 89' lang='lat' dir='ltr'><strong>st</strong></span> <span class='ocrx_word' id='word_1_397' title='bbox 837 2662 878 2701; x_wconf 87' lang='lat' dir='ltr'><strong>re·</strong></span> <span class='ocrx_word' id='word_1_398' title='bbox 966 2648 993 2703; x_wconf 80' lang='lat'><strong>7.</strong></span> <span class='ocrx_word' id='word_1_399' title='bbox 1007 2647 1093 2707; x_wconf 75' lang='lat' dir='ltr'><strong>less.</strong></span> <span class='ocrx_word' id='word_1_400' title='bbox 1110 2646 1136 2705; x_wconf 82' lang='lat'><strong>5.</strong></span> <span class='ocrx_word' id='word_1_401' title='bbox 1153 2644 1280 2704; x_wconf 79' lang='lat' dir='ltr'><strong>orntum</strong></span> <span class='ocrx_word' id='word_1_402' title='bbox 1304 2645 1389 2716; x_wconf 83' lang='lat' dir='ltr'><strong>pestis</strong></span> <span class='ocrx_word' id='word_1_403' title='bbox 1403 2642 1559 2705; x_wconf 77' lang='lat' dir='ltr'><strong>terrerum</strong></span> <span class='ocrx_word' id='word_1_404' title='bbox 1573 2659 1637 2702; x_wconf 82' lang='lat' dir='ltr'><strong>osee</strong></span> <span class='ocrx_word' id='word_1_405' title='bbox 1649 2651 1672 2697; x_wconf 87' lang='lat' dir='ltr'><strong>st</strong></span> <span class='ocrx_word' id='word_1_406' title='bbox 1683 2656 1728 2699; x_wconf 88' lang='lat' dir='ltr'><strong>su·</strong></span> 
     </span>
     <span class='ocr_line' id='line_1_27' title="bbox 84 2734 1726 2811; baseline 0.002 -24"><span class='ocrx_word' id='word_1_407' title='bbox 84 2734 184 2791; x_wconf 78' lang='lat' dir='ltr'><strong>esurie?</strong></span> <span class='ocrx_word' id='word_1_408' title='bbox 198 2735 244 2792; x_wconf 82' lang='lat' dir='ltr'><strong>sed</strong></span> <span class='ocrx_word' id='word_1_409' title='bbox 257 2734 331 2801; x_wconf 83' lang='lat' dir='ltr'><strong>dicit,</strong></span> <span class='ocrx_word' id='word_1_410' title='bbox 345 2737 428 2793; x_wconf 83' lang='lat' dir='ltr'><strong>srunsi</strong></span> <span class='ocrx_word' id='word_1_411' title='bbox 442 2746 465 2793; x_wconf 88' lang='lat' dir='ltr'><strong>st</strong></span> <span class='ocrx_word' id='word_1_412' title='bbox 477 2738 595 2793; x_wconf 86' lang='lat' dir='ltr'><strong>ministre</strong></span> <span class='ocrx_word' id='word_1_413' title='bbox 607 2737 682 2805; x_wconf 83' lang='lat' dir='ltr'><strong>milti,</strong></span> <span class='ocrx_word' id='word_1_414' title='bbox 697 2750 720 2797; x_wconf 87' lang='lat' dir='ltr'><strong>st</strong></span> <span class='ocrx_word' id='word_1_415' title='bbox 734 2751 795 2797; x_wconf 84' lang='lat' dir='ltr'><strong>isus</strong></span> <span class='ocrx_word' id='word_1_416' title='bbox 804 2754 878 2797; x_wconf 83' lang='lat' dir='ltr'><strong>roen-</strong></span> <span class='ocrx_word' id='word_1_417' title='bbox 929 2740 986 2798; x_wconf 85' lang='lat' dir='ltr'><strong>lisis</strong></span> <span class='ocrx_word' id='word_1_418' title='bbox 998 2741 1048 2799; x_wconf 86' lang='lat' dir='ltr'><strong>mei</strong></span> <span class='ocrx_word' id='word_1_419' title='bbox 1061 2755 1070 2796; x_wconf 92' lang='grc'><strong>.·</strong></span> <span class='ocrx_word' id='word_1_420' title='bbox 1081 2750 1110 2795; x_wconf 89' lang='lat' dir='ltr'><strong>m</strong></span> <span class='ocrx_word' id='word_1_421' title='bbox 1122 2756 1149 2798; x_wconf 87' lang='lat' dir='ltr'><strong>ss</strong></span> <span class='ocrx_word' id='word_1_422' title='bbox 1158 2740 1203 2811; x_wconf 89' lang='lat' dir='ltr'><strong>qssi</strong></span> <span class='ocrx_word' id='word_1_423' title='bbox 1217 2738 1352 2795; x_wconf 84' lang='lat' dir='ltr'><strong>custodisti</strong></span> <span class='ocrx_word' id='word_1_424' title='bbox 1367 2736 1430 2795; x_wconf 78' lang='lat' dir='ltr'><strong>relisi</strong></span> <span class='ocrx_word' id='word_1_425' title='bbox 1441 2736 1613 2797; x_wconf 69' lang='lat' dir='ltr'><strong>hereditatem</strong></span> <span class='ocrx_word' id='word_1_426' title='bbox 1631 2752 1726 2793; x_wconf 73' lang='lat' dir='ltr'><strong>usssse</strong></span> 
     </span>
     <span class='ocr_line' id='line_1_28' title="bbox 79 2824 1728 2906; baseline 0.001 -25"><span class='ocrx_word' id='word_1_427' title='bbox 79 2824 194 2885; x_wconf 83' lang='lat' dir='ltr'><strong>durabis.</strong></span> <span class='ocrx_word' id='word_1_428' title='bbox 213 2826 347 2899; x_wconf 75' lang='lat' dir='ltr'><strong>Numquid</strong></span> <span class='ocrx_word' id='word_1_429' title='bbox 358 2830 411 2905; x_wconf 83' lang='lat' dir='ltr'><strong>epit</strong></span> <span class='ocrx_word' id='word_1_430' title='bbox 426 2829 545 2889; x_wconf 84' lang='lat' dir='ltr'><strong>dossinus</strong></span> <span class='ocrx_word' id='word_1_431' title='bbox 556 2832 595 2887; x_wconf 89' lang='lat' dir='ltr'><strong>itti</strong></span> <span class='ocrx_word' id='word_1_432' title='bbox 608 2834 705 2906; x_wconf 79' lang='lat' dir='ltr'><strong>prmius</strong></span> <span class='ocrx_word' id='word_1_433' title='bbox 718 2848 802 2901; x_wconf 83' lang='lat' dir='ltr'><strong>serso,</strong></span> <span class='ocrx_word' id='word_1_434' title='bbox 816 2834 878 2905; x_wconf 85' lang='lat' dir='ltr'><strong>qsis</strong></span> <span class='ocrx_word' id='word_1_435' title='bbox 929 2832 958 2893; x_wconf 88' lang='lat' dir='ltr'><strong>Si</strong></span> <span class='ocrx_word' id='word_1_436' title='bbox 972 2831 1045 2889; x_wconf 90' lang='lat' dir='ltr'><strong>enim</strong></span> <span class='ocrx_word' id='word_1_437' title='bbox 1060 2846 1108 2889; x_wconf 88' lang='lat' dir='ltr'><strong>cos</strong></span> <span class='ocrx_word' id='word_1_438' title='bbox 1130 2831 1177 2903; x_wconf 92' lang='lat' dir='ltr'><strong>qui</strong></span> <span class='ocrx_word' id='word_1_439' title='bbox 1199 2828 1377 2903; x_wconf 80' lang='lat' dir='ltr'><strong>exoperibus</strong></span> <span class='ocrx_word' id='word_1_440' title='bbox 1395 2829 1580 2899; x_wconf 81' lang='lat' dir='ltr'><strong>iristilienntur</strong></span> <span class='ocrx_word' id='word_1_441' title='bbox 1601 2827 1728 2899; x_wconf 73' lang='lat' dir='ltr'><strong>repudia·</strong></span> 
     </span>
     <span class='ocr_line' id='line_1_29' title="bbox 81 2918 1728 2999; baseline 0.002 -26"><span class='ocrx_word' id='word_1_442' title='bbox 81 2918 117 2973; x_wconf 86' lang='lat' dir='ltr'><strong>sic</strong></span> <span class='ocrx_word' id='word_1_443' title='bbox 133 2920 245 2993; x_wconf 76' lang='lat' dir='ltr'><strong>[eserici</strong></span> <span class='ocrx_word' id='word_1_444' title='bbox 256 2936 330 2977; x_wconf 83' lang='lat' dir='ltr'><strong>umen</strong></span> <span class='ocrx_word' id='word_1_445' title='bbox 347 2921 405 2983; x_wconf 80' lang='lat' dir='ltr'><strong>dim</strong></span> <span class='ocrx_word' id='word_1_446' title='bbox 426 2922 496 2979; x_wconf 87' lang='lat' dir='ltr'><strong>esbis</strong></span> <span class='ocrx_word' id='word_1_447' title='bbox 515 2924 576 2995; x_wconf 86' lang='lat' dir='ltr'><strong>quie</strong></span> <span class='ocrx_word' id='word_1_448' title='bbox 589 2940 642 2983; x_wconf 87' lang='grc' dir='ltr'>ιιοιι</span> <span class='ocrx_word' id='word_1_449' title='bbox 658 2926 722 2999; x_wconf 80' lang='lat' dir='ltr'><strong>cpit.</strong></span> <span class='ocrx_word' id='word_1_450' title='bbox 738 2926 783 2983; x_wconf 82' lang='lat' dir='ltr'><strong>Sis</strong></span> <span class='ocrx_word' id='word_1_451' title='bbox 797 2936 822 2982; x_wconf 86' lang='lat' dir='ltr'><strong>ss</strong></span> <span class='ocrx_word' id='word_1_452' title='bbox 832 2943 877 2985; x_wconf 83' lang='lat' dir='ltr'><strong>ses</strong></span> <span class='ocrx_word' id='word_1_453' title='bbox 928 2924 992 2993; x_wconf 88' lang='lat' dir='ltr'><strong>bat,</strong></span> <span class='ocrx_word' id='word_1_454' title='bbox 1005 2938 1053 2980; x_wconf 88' lang='lat' dir='ltr'><strong>eos</strong></span> <span class='ocrx_word' id='word_1_455' title='bbox 1067 2923 1160 2995; x_wconf 89' lang='lat' dir='ltr'><strong>utique</strong></span> <span class='ocrx_word' id='word_1_456' title='bbox 1173 2938 1242 2995; x_wconf 88' lang='lat' dir='ltr'><strong>quos</strong></span> <span class='ocrx_word' id='word_1_457' title='bbox 1262 2923 1333 2979; x_wconf 87' lang='lat' dir='ltr'><strong>lleus</strong></span> <span class='ocrx_word' id='word_1_458' title='bbox 1347 2938 1395 2994; x_wconf 88' lang='lat' dir='ltr'><strong>per</strong></span> <span class='ocrx_word' id='word_1_459' title='bbox 1413 2922 1528 2994; x_wconf 75' lang='lat' dir='ltr'><strong>qratmns</strong></span> <span class='ocrx_word' id='word_1_460' title='bbox 1542 2921 1635 2979; x_wconf 82' lang='lat' dir='ltr'><strong>sslros</strong></span> <span class='ocrx_word' id='word_1_461' title='bbox 1646 2920 1728 2978; x_wconf 67' lang='lat' dir='ltr'><strong>{scie</strong></span> 
     </span>
     <span class='ocr_line' id='line_1_30' title="bbox 77 3012 1728 3089; baseline 0.001 -23"><span class='ocrx_word' id='word_1_462' title='bbox 77 3028 135 3067; x_wconf 86' lang='lat' dir='ltr'><strong>cum</strong></span> <span class='ocrx_word' id='word_1_463' title='bbox 156 3014 245 3069; x_wconf 86' lang='lat' dir='ltr'><strong>umrria</strong></span> <span class='ocrx_word' id='word_1_464' title='bbox 258 3014 369 3085; x_wconf 66' lang='lat' dir='ltr'><strong>feceritis</strong></span> <span class='ocrx_word' id='word_1_465' title='bbox 388 3031 445 3085; x_wconf 85' lang='lat' dir='ltr'><strong>quse</strong></span> <span class='ocrx_word' id='word_1_466' title='bbox 455 3016 558 3089; x_wconf 73' lang='lat' dir='ltr'><strong>jussero</strong></span> <span class='ocrx_word' id='word_1_467' title='bbox 572 3019 662 3088; x_wconf 88' lang='lat' dir='ltr'><strong>uobis,</strong></span> <span class='ocrx_word' id='word_1_468' title='bbox 677 3020 754 3075; x_wconf 86' lang='lat' dir='ltr'><strong>disits</strong></span> <span class='ocrx_word' id='word_1_469' title='bbox 776 3038 782 3079; x_wconf 85' lang='lat' dir='ltr'><strong>s</strong></span> <span class='ocrx_word' id='word_1_470' title='bbox 802 3020 877 3081; x_wconf 78' lang='lat' dir='ltr'><strong>serit</strong></span> <span class='ocrx_word' id='word_1_471' title='bbox 929 3016 986 3086; x_wconf 84' lang='lat' dir='ltr'><strong>bat,</strong></span> <span class='ocrx_word' id='word_1_472' title='bbox 1003 3016 1105 3075; x_wconf 85' lang='lat' dir='ltr'><strong>babere</strong></span> <span class='ocrx_word' id='word_1_473' title='bbox 1117 3017 1244 3075; x_wconf 83' lang='lat' dir='ltr'><strong>malebat.</strong></span> <span class='ocrx_word' id='word_1_474' title='bbox 1258 3014 1352 3087; x_wconf 88' lang='lat' dir='ltr'><strong>ltaque</strong></span> <span class='ocrx_word' id='word_1_475' title='bbox 1362 3013 1548 3085; x_wconf 76' lang='lat' dir='ltr'><strong>siqoiilcsnter</strong></span> <span class='ocrx_word' id='word_1_476' title='bbox 1562 3016 1599 3069; x_wconf 89' lang='lat' dir='ltr'><strong>ait</strong></span> <span class='ocrx_word' id='word_1_477' title='bbox 1614 3033 1621 3069; x_wconf 83' lang='lat' dir='ltr'><strong>s</strong></span> <span class='ocrx_word' id='word_1_478' title='bbox 1634 3012 1728 3070; x_wconf 74' lang='lat' dir='ltr'><strong>dourr-</strong></span> 
     </span>
     <span class='ocr_line' id='line_1_31' title="bbox 77 3106 1728 3191; baseline 0.001 -29"><span class='ocrx_word' id='word_1_479' title='bbox 77 3110 178 3167; x_wconf 84' lang='lat' dir='ltr'><strong>imrtr&#39;les</strong></span> <span class='ocrx_word' id='word_1_480' title='bbox 191 3128 281 3167; x_wconf 86' lang='lat' dir='ltr'><strong>sssrsns</strong></span> <span class='ocrx_word' id='word_1_481' title='bbox 295 3127 305 3167; x_wconf 94' lang='lat'><strong>.·</strong></span> <span class='ocrx_word' id='word_1_482' title='bbox 318 3112 385 3186; x_wconf 83' lang='lat' dir='ltr'><strong>quod</strong></span> <span class='ocrx_word' id='word_1_483' title='bbox 399 3125 499 3171; x_wconf 76' lang='lat' dir='ltr'><strong>umesse</strong></span> <span class='ocrx_word' id='word_1_484' title='bbox 513 3114 660 3186; x_wconf 82' lang='lat' dir='ltr'><strong>irrisimus,</strong></span> <span class='ocrx_word' id='word_1_485' title='bbox 676 3117 782 3189; x_wconf 74' lang='lat' dir='ltr'><strong>[sdmss</strong></span> <span class='ocrx_word' id='word_1_486' title='bbox 797 3116 875 3191; x_wconf 79' lang='lat' dir='ltr'><strong>(bris.</strong></span> <span class='ocrx_word' id='word_1_487' title='bbox 928 3130 977 3172; x_wconf 86' lang='lat' dir='ltr'><strong>uss</strong></span> <span class='ocrx_word' id='word_1_488' title='bbox 991 3114 1077 3187; x_wconf 79' lang='lat' dir='ltr'><strong>portio</strong></span> <span class='ocrx_word' id='word_1_489' title='bbox 1087 3110 1245 3171; x_wconf 73' lang='lat' dir='ltr'><strong>hereditatis</strong></span> <span class='ocrx_word' id='word_1_490' title='bbox 1258 3125 1328 3168; x_wconf 83' lang='lat' dir='ltr'><strong>esse.</strong></span> <span class='ocrx_word' id='word_1_491' title='bbox 1342 3109 1408 3169; x_wconf 79' lang='lat' dir='ltr'><strong>Cum</strong></span> <span class='ocrx_word' id='word_1_492' title='bbox 1419 3109 1492 3168; x_wconf 89' lang='lat' dir='ltr'><strong>enim</strong></span> <span class='ocrx_word' id='word_1_493' title='bbox 1501 3107 1629 3169; x_wconf 77' lang='lat' dir='ltr'><strong>Dominus</strong></span> <span class='ocrx_word' id='word_1_494' title='bbox 1642 3106 1728 3179; x_wconf 76' lang='lat' dir='ltr'><strong>qsstls</strong></span> 
     </span>
     <span class='ocr_line' id='line_1_32' title="bbox 77 3199 1727 3279; baseline -0.004 -16"><span class='ocrx_word' id='word_1_495' title='bbox 77 3219 152 3273; x_wconf 73' lang='lat' dir='ltr'><strong>xt&#39;u,</strong></span> <span class='ocrx_word' id='word_1_496' title='bbox 169 3206 210 3277; x_wconf 81' lang='lat' dir='ltr'><strong>l).</strong></span> <span class='ocrx_word' id='word_1_497' title='bbox 233 3204 316 3279; x_wconf 74' lang='lat' dir='ltr'><strong>igitur</strong></span> <span class='ocrx_word' id='word_1_498' title='bbox 328 3208 371 3279; x_wconf 91' lang='lat' dir='ltr'><strong>qui</strong></span> <span class='ocrx_word' id='word_1_499' title='bbox 387 3210 510 3279; x_wconf 70' lang='lat' dir='ltr'><strong>agnoscit</strong></span> <span class='ocrx_word' id='word_1_500' title='bbox 523 3224 553 3265; x_wconf 89' lang='lat' dir='ltr'><strong>se</strong></span> <span class='ocrx_word' id='word_1_501' title='bbox 567 3208 651 3265; x_wconf 87' lang='lat' dir='ltr'><strong>ilenrn</strong></span> <span class='ocrx_word' id='word_1_502' title='bbox 666 3208 782 3277; x_wconf 86' lang='lat' dir='ltr'><strong>babere,</strong></span> <span class='ocrx_word' id='word_1_503' title='bbox 795 3213 876 3271; x_wconf 81' lang='lat' dir='ltr'><strong>telem</strong></span> <span class='ocrx_word' id='word_1_504' title='bbox 890 3200 915 3271; x_wconf 78' lang='lat' dir='ltr'><strong>G</strong></span> <span class='ocrx_word' id='word_1_505' title='bbox 929 3222 976 3263; x_wconf 88' lang='lat' dir='ltr'><strong>sua</strong></span> <span class='ocrx_word' id='word_1_506' title='bbox 991 3205 1083 3265; x_wconf 86' lang='lat' dir='ltr'><strong>salsus</strong></span> <span class='ocrx_word' id='word_1_507' title='bbox 1098 3204 1193 3263; x_wconf 88' lang='lat' dir='ltr'><strong>lecerit</strong></span> <span class='ocrx_word' id='word_1_508' title='bbox 1202 3204 1264 3261; x_wconf 91' lang='lat' dir='ltr'><strong>illos</strong></span> <span class='ocrx_word' id='word_1_509' title='bbox 1276 3244 1285 3273; x_wconf 97' lang='lat'><strong>,</strong></span> <span class='ocrx_word' id='word_1_510' title='bbox 1299 3217 1369 3275; x_wconf 85' lang='lat' dir='ltr'><strong>quus</strong></span> <span class='ocrx_word' id='word_1_511' title='bbox 1380 3202 1426 3259; x_wconf 91' lang='lat' dir='ltr'><strong>ille</strong></span> <span class='ocrx_word' id='word_1_512' title='bbox 1437 3202 1465 3263; x_wconf 89' lang='lat' dir='ltr'><strong>in</strong></span> <span class='ocrx_word' id='word_1_513' title='bbox 1480 3200 1664 3260; x_wconf 81' lang='lat' dir='ltr'><strong>breredisstem</strong></span> <span class='ocrx_word' id='word_1_514' title='bbox 1677 3199 1727 3257; x_wconf 81' lang='lat' dir='ltr'><strong>de-</strong></span> 
     </span>
     <span class='ocr_line' id='line_1_33' title="bbox 77 3292 1728 3369; baseline -0.003 -16"><span class='ocrx_word' id='word_1_515' title='bbox 77 3297 211 3355; x_wconf 83' lang='lat' dir='ltr'><strong>eslsibere</strong></span> <span class='ocrx_word' id='word_1_516' title='bbox 224 3298 304 3357; x_wconf 89' lang='lat' dir='ltr'><strong>debet</strong></span> <span class='ocrx_word' id='word_1_517' title='bbox 316 3302 454 3361; x_wconf 78' lang='lat' dir='ltr'><strong>servituris</strong></span> <span class='ocrx_word' id='word_1_518' title='bbox 468 3302 656 3361; x_wconf 89' lang='lat' dir='ltr'><strong>bumilitatem.</strong></span> <span class='ocrx_word' id='word_1_519' title='bbox 673 3303 727 3363; x_wconf 91' lang='lat' dir='ltr'><strong>Sed</strong></span> <span class='ocrx_word' id='word_1_520' title='bbox 740 3305 797 3363; x_wconf 83' lang='lat' dir='ltr'><strong>lrsre</strong></span> <span class='ocrx_word' id='word_1_521' title='bbox 810 3321 878 3363; x_wconf 85' lang='lat' dir='ltr'><strong>enn-</strong></span> <span class='ocrx_word' id='word_1_522' title='bbox 927 3299 986 3365; x_wconf 88' lang='lat' dir='ltr'><strong>dit;</strong></span> <span class='ocrx_word' id='word_1_523' title='bbox 1002 3315 1065 3357; x_wconf 74' lang='lat' dir='ltr'><strong>iero</strong></span> <span class='ocrx_word' id='word_1_524' title='bbox 1087 3299 1215 3355; x_wconf 69' lang='lat' dir='ltr'><strong>Domitios</strong></span> <span class='ocrx_word' id='word_1_525' title='bbox 1229 3307 1270 3355; x_wconf 89' lang='lat' dir='ltr'><strong>est</strong></span> <span class='ocrx_word' id='word_1_526' title='bbox 1281 3297 1370 3369; x_wconf 83' lang='lat' dir='ltr'><strong>portin</strong></span> <span class='ocrx_word' id='word_1_527' title='bbox 1390 3294 1558 3355; x_wconf 72' lang='lat' dir='ltr'><strong>teredinum</strong></span> <span class='ocrx_word' id='word_1_528' title='bbox 1571 3292 1640 3365; x_wconf 79' lang='lat' dir='ltr'><strong>eius.</strong></span> <span class='ocrx_word' id='word_1_529' title='bbox 1661 3293 1728 3351; x_wconf 77' lang='lat' dir='ltr'><strong>Ses-</strong></span> 
     </span>
     <span class='ocr_line' id='line_1_34' title="bbox 77 3388 1726 3468; baseline -0.001 -23"><span class='ocrx_word' id='word_1_530' title='bbox 77 3388 158 3449; x_wconf 89' lang='lat' dir='ltr'><strong>iessin</strong></span> <span class='ocrx_word' id='word_1_531' title='bbox 170 3408 225 3447; x_wconf 79' lang='lat' dir='ltr'><strong>sinn</strong></span> <span class='ocrx_word' id='word_1_532' title='bbox 240 3401 282 3451; x_wconf 90' lang='lat' dir='ltr'><strong>est</strong></span> <span class='ocrx_word' id='word_1_533' title='bbox 294 3408 406 3465; x_wconf 86' lang='lat' dir='ltr'><strong>operum</strong></span> <span class='ocrx_word' id='word_1_534' title='bbox 417 3434 426 3465; x_wconf 87' lang='lat'><strong>,</strong></span> <span class='ocrx_word' id='word_1_535' title='bbox 439 3395 486 3453; x_wconf 86' lang='lat' dir='ltr'><strong>sed</strong></span> <span class='ocrx_word' id='word_1_536' title='bbox 502 3394 573 3453; x_wconf 88' lang='lat' dir='ltr'><strong>lidei.</strong></span> <span class='ocrx_word' id='word_1_537' title='bbox 589 3394 682 3468; x_wconf 85' lang='lat' dir='ltr'><strong>ltaque</strong></span> <span class='ocrx_word' id='word_1_538' title='bbox 704 3396 766 3455; x_wconf 86' lang='lat' dir='ltr'><strong>ueri</strong></span> <span class='ocrx_word' id='word_1_539' title='bbox 781 3396 877 3459; x_wconf 80' lang='lat' dir='ltr'><strong>Testa·</strong></span> <span class='ocrx_word' id='word_1_540' title='bbox 927 3393 1000 3453; x_wconf 77' lang='lat' dir='ltr'><strong>raris</strong></span> <span class='ocrx_word' id='word_1_541' title='bbox 1012 3402 1103 3451; x_wconf 79' lang='lat' dir='ltr'><strong>numm</strong></span> <span class='ocrx_word' id='word_1_542' title='bbox 1123 3390 1422 3465; x_wconf 62' lang='lat' dir='ltr'><strong>condormitione</strong></span> <span class='ocrx_word' id='word_1_543' title='bbox 1442 3388 1629 3451; x_wconf 76' lang='lat' dir='ltr'><strong>bumilitatem</strong></span> <span class='ocrx_word' id='word_1_544' title='bbox 1648 3403 1726 3452; x_wconf 88' lang='lat' dir='ltr'><strong>srrsrn</strong></span> 
     </span>
     <span class='ocr_line' id='line_1_35' title="bbox 77 3484 1727 3561; baseline 0.002 -20"><span class='ocrx_word' id='word_1_545' title='bbox 77 3486 160 3541; x_wconf 83' lang='lat' dir='ltr'><strong>menti</strong></span> <span class='ocrx_word' id='word_1_546' title='bbox 171 3486 243 3543; x_wconf 88' lang='lat' dir='ltr'><strong>bene</strong></span> <span class='ocrx_word' id='word_1_547' title='bbox 256 3490 430 3547; x_wconf 78' lang='lat' dir='ltr'><strong>annuntiator</strong></span> <span class='ocrx_word' id='word_1_548' title='bbox 445 3489 482 3545; x_wconf 86' lang='lat' dir='ltr'><strong>sir</strong></span> <span class='ocrx_word' id='word_1_549' title='bbox 497 3508 505 3547; x_wconf 80' lang='lat' dir='ltr'><strong>s</strong></span> <span class='ocrx_word' id='word_1_550' title='bbox 523 3488 584 3547; x_wconf 76' lang='lat' dir='ltr'><strong>ilici</strong></span> <span class='ocrx_word' id='word_1_551' title='bbox 596 3489 707 3549; x_wconf 85' lang='lat' dir='ltr'><strong>Domino</strong></span> <span class='ocrx_word' id='word_1_552' title='bbox 721 3507 789 3561; x_wconf 84' lang='lat' dir='ltr'><strong>meo,</strong></span> <span class='ocrx_word' id='word_1_553' title='bbox 806 3488 877 3551; x_wconf 75' lang='lat' dir='ltr'><strong>drus</strong></span> <span class='ocrx_word' id='word_1_554' title='bbox 928 3502 982 3547; x_wconf 88' lang='lat' dir='ltr'><strong>nun</strong></span> <span class='ocrx_word' id='word_1_555' title='bbox 997 3488 1026 3546; x_wconf 93' lang='lat' dir='ltr'><strong>in</strong></span> <span class='ocrx_word' id='word_1_556' title='bbox 1045 3488 1178 3559; x_wconf 77' lang='lat' dir='ltr'><strong>sanquine</strong></span> <span class='ocrx_word' id='word_1_557' title='bbox 1190 3502 1242 3545; x_wconf 87' lang='lat' dir='ltr'><strong>suu</strong></span> <span class='ocrx_word' id='word_1_558' title='bbox 1255 3489 1397 3559; x_wconf 75' lang='lat' dir='ltr'><strong>quesitum</strong></span> <span class='ocrx_word' id='word_1_559' title='bbox 1409 3485 1589 3556; x_wconf 80' lang='lat' dir='ltr'><strong>predtesrms</strong></span> <span class='ocrx_word' id='word_1_560' title='bbox 1612 3484 1660 3540; x_wconf 84' lang='lat' dir='ltr'><strong>sed</strong></span> <span class='ocrx_word' id='word_1_561' title='bbox 1676 3500 1727 3556; x_wconf 85' lang='lat' dir='ltr'><strong>per</strong></span> 
     </span>
     <span class='ocr_line' id='line_1_36' title="bbox 76 3578 1725 3651; baseline 0.004 -21"><span class='ocrx_word' id='word_1_562' title='bbox 76 3592 148 3631; x_wconf 88' lang='lat' dir='ltr'><strong>meus</strong></span> <span class='ocrx_word' id='word_1_563' title='bbox 163 3588 242 3633; x_wconf 89' lang='lat' dir='ltr'><strong>estu.</strong></span> <span class='ocrx_word' id='word_1_564' title='bbox 258 3578 291 3635; x_wconf 81' lang='lat' dir='ltr'><strong>Et</strong></span> <span class='ocrx_word' id='word_1_565' title='bbox 303 3579 366 3651; x_wconf 92' lang='lat' dir='ltr'><strong>quid</strong></span> <span class='ocrx_word' id='word_1_566' title='bbox 383 3588 445 3650; x_wconf 87' lang='lat' dir='ltr'><strong>post</strong></span> <span class='ocrx_word' id='word_1_567' title='bbox 457 3578 514 3639; x_wconf 76' lang='lat' dir='ltr'><strong>baec</strong></span> <span class='ocrx_word' id='word_1_568' title='bbox 527 3580 613 3639; x_wconf 80' lang='lat' dir='ltr'><strong>dicit?</strong></span> <span class='ocrx_word' id='word_1_569' title='bbox 929 3582 1014 3643; x_wconf 85' lang='lat' dir='ltr'><strong>Deum</strong></span> <span class='ocrx_word' id='word_1_570' title='bbox 1029 3581 1157 3642; x_wconf 80' lang='lat' dir='ltr'><strong>donnum</strong></span> <span class='ocrx_word' id='word_1_571' title='bbox 1179 3581 1347 3643; x_wconf 75' lang='lat' dir='ltr'><strong>eistetenses</strong></span> <span class='ocrx_word' id='word_1_572' title='bbox 1362 3598 1379 3641; x_wconf 84' lang='lat' dir='ltr'><strong>s</strong></span> <span class='ocrx_word' id='word_1_573' title='bbox 1395 3581 1463 3649; x_wconf 91' lang='lat' dir='ltr'><strong>llen,</strong></span> <span class='ocrx_word' id='word_1_574' title='bbox 1479 3588 1508 3637; x_wconf 89' lang='lat' dir='ltr'><strong>ut</strong></span> <span class='ocrx_word' id='word_1_575' title='bbox 1523 3590 1551 3637; x_wconf 89' lang='lat' dir='ltr'><strong>et</strong></span> <span class='ocrx_word' id='word_1_576' title='bbox 1564 3581 1661 3637; x_wconf 89' lang='lat' dir='ltr'><strong>sslieis</strong></span> <span class='ocrx_word' id='word_1_577' title='bbox 1672 3582 1725 3645; x_wconf 88' lang='lat' dir='ltr'><strong>sui,</strong></span> 
     </span>
     <span class='ocr_line' id='line_1_37' title="bbox 110 3672 1726 3752; baseline 0.003 -25"><span class='ocrx_word' id='word_1_578' title='bbox 110 3672 138 3729; x_wconf 84' lang='lat'><strong>5.</strong></span> <span class='ocrx_word' id='word_1_579' title='bbox 156 3675 287 3743; x_wconf 79' lang='lat' dir='ltr'><strong>Quoniam</strong></span> <span class='ocrx_word' id='word_1_580' title='bbox 297 3677 420 3733; x_wconf 85' lang='lat' dir='ltr'><strong>bessorum</strong></span> <span class='ocrx_word' id='word_1_581' title='bbox 433 3692 547 3734; x_wconf 81' lang='lat' dir='ltr'><strong>ursorum</strong></span> <span class='ocrx_word' id='word_1_582' title='bbox 557 3692 608 3733; x_wconf 87' lang='lat' dir='ltr'><strong>nun</strong></span> <span class='ocrx_word' id='word_1_583' title='bbox 621 3678 730 3752; x_wconf 78' lang='lat' dir='ltr'><strong>indipes,</strong></span> <span class='ocrx_word' id='word_1_584' title='bbox 742 3676 825 3737; x_wconf 79' lang='lat' dir='ltr'><strong>Vens.</strong></span> <span class='ocrx_word' id='word_1_585' title='bbox 846 3678 874 3734; x_wconf 78' lang='lat'><strong>3.</strong></span> <span class='ocrx_word' id='word_1_586' title='bbox 929 3676 955 3739; x_wconf 89' lang='lat' dir='ltr'><strong>id</strong></span> <span class='ocrx_word' id='word_1_587' title='bbox 970 3687 1013 3735; x_wconf 85' lang='lat' dir='ltr'><strong>cst</strong></span> <span class='ocrx_word' id='word_1_588' title='bbox 1027 3672 1500 3749; x_wconf 70' lang='lat' dir='ltr'><strong>passienis,uerrinmnpnnronnn</strong></span> <span class='ocrx_word' id='word_1_589' title='bbox 1515 3692 1576 3734; x_wconf 89' lang='lat' dir='ltr'><strong>esse</strong></span> <span class='ocrx_word' id='word_1_590' title='bbox 1593 3677 1726 3733; x_wconf 79' lang='lat' dir='ltr'><strong>cursiten-</strong></span> 
     </span>
     <span class='ocr_line' id='line_1_38' title="bbox 76 3764 1727 3845; baseline 0.002 -22"><span class='ocrx_word' id='word_1_591' title='bbox 76 3764 183 3825; x_wconf 88' lang='lat' dir='ltr'><strong>Sunrris</strong></span> <span class='ocrx_word' id='word_1_592' title='bbox 200 3769 244 3837; x_wconf 80' lang='lat' dir='ltr'><strong>qui</strong></span> <span class='ocrx_word' id='word_1_593' title='bbox 258 3777 317 3825; x_wconf 90' lang='lat' dir='ltr'><strong>sum</strong></span> <span class='ocrx_word' id='word_1_594' title='bbox 330 3770 358 3825; x_wconf 88' lang='lat' dir='ltr'><strong>iu</strong></span> <span class='ocrx_word' id='word_1_595' title='bbox 371 3782 448 3827; x_wconf 82' lang='lat' dir='ltr'><strong>sessu.</strong></span> <span class='ocrx_word' id='word_1_596' title='bbox 464 3770 532 3837; x_wconf 79' lang='lat' dir='ltr'><strong>Quid</strong></span> <span class='ocrx_word' id='word_1_597' title='bbox 546 3780 601 3827; x_wconf 85' lang='lat' dir='ltr'><strong>tarn</strong></span> <span class='ocrx_word' id='word_1_598' title='bbox 619 3786 790 3845; x_wconf 83' lang='lat' dir='ltr'><strong>consequens</strong></span> <span class='ocrx_word' id='word_1_599' title='bbox 805 3781 876 3841; x_wconf 87' lang='lat' dir='ltr'><strong>esst,</strong></span> <span class='ocrx_word' id='word_1_600' title='bbox 930 3780 983 3831; x_wconf 80' lang='lat' dir='ltr'><strong>tnr-</strong></span> <span class='ocrx_word' id='word_1_601' title='bbox 1000 3772 1108 3833; x_wconf 78' lang='lat' dir='ltr'><strong>illenim</strong></span> <span class='ocrx_word' id='word_1_602' title='bbox 1124 3774 1147 3829; x_wconf 85' lang='lat' dir='ltr'><strong>si</strong></span> <span class='ocrx_word' id='word_1_603' title='bbox 1159 3772 1285 3843; x_wconf 85' lang='lat' dir='ltr'><strong>passione</strong></span> <span class='ocrx_word' id='word_1_604' title='bbox 1300 3772 1408 3832; x_wconf 82' lang='lat' dir='ltr'><strong>llmnini</strong></span> <span class='ocrx_word' id='word_1_605' title='bbox 1423 3771 1571 3844; x_wconf 76' lang='lat' dir='ltr'><strong>redempte</strong></span> <span class='ocrx_word' id='word_1_606' title='bbox 1583 3777 1648 3830; x_wconf 88' lang='lat' dir='ltr'><strong>surrt</strong></span> <span class='ocrx_word' id='word_1_607' title='bbox 1660 3786 1727 3841; x_wconf 79' lang='lat' dir='ltr'><strong>qen·</strong></span> 
     </span>
     <span class='ocr_line' id='line_1_39' title="bbox 75 3860 1728 3936; baseline 0.002 -21"><span class='ocrx_word' id='word_1_608' title='bbox 75 3876 156 3930; x_wconf 86' lang='lat' dir='ltr'><strong>quarn</strong></span> <span class='ocrx_word' id='word_1_609' title='bbox 171 3860 246 3933; x_wconf 89' lang='lat' dir='ltr'><strong>quod</strong></span> <span class='ocrx_word' id='word_1_610' title='bbox 257 3862 306 3929; x_wconf 88' lang='lat' dir='ltr'><strong>sit,</strong></span> <span class='ocrx_word' id='word_1_611' title='bbox 320 3860 389 3919; x_wconf 84' lang='lat' dir='ltr'><strong>buna</strong></span> <span class='ocrx_word' id='word_1_612' title='bbox 401 3877 449 3923; x_wconf 86' lang='lat' dir='ltr'><strong>sua</strong></span> <span class='ocrx_word' id='word_1_613' title='bbox 464 3864 616 3921; x_wconf 87' lang='lat' dir='ltr'><strong>necessaria</strong></span> <span class='ocrx_word' id='word_1_614' title='bbox 633 3878 687 3921; x_wconf 91' lang='lat' dir='ltr'><strong>nun</strong></span> <span class='ocrx_word' id='word_1_615' title='bbox 701 3880 762 3923; x_wconf 88' lang='lat' dir='ltr'><strong>esse</strong></span> <span class='ocrx_word' id='word_1_616' title='bbox 775 3867 877 3923; x_wconf 87' lang='lat' dir='ltr'><strong>sanetis</strong></span> <span class='ocrx_word' id='word_1_617' title='bbox 927 3870 971 3921; x_wconf 87' lang='lat' dir='ltr'><strong>tes</strong></span> <span class='ocrx_word' id='word_1_618' title='bbox 985 3864 1021 3922; x_wconf 89' lang='lat' dir='ltr'><strong>de</strong></span> <span class='ocrx_word' id='word_1_619' title='bbox 1035 3870 1160 3936; x_wconf 78' lang='lat' dir='ltr'><strong>pueram,</strong></span> <span class='ocrx_word' id='word_1_620' title='bbox 1181 3865 1239 3936; x_wconf 80' lang='lat' dir='ltr'><strong>ipra</strong></span> <span class='ocrx_word' id='word_1_621' title='bbox 1263 3874 1354 3927; x_wconf 83' lang='lat' dir='ltr'><strong>tamen</strong></span> <span class='ocrx_word' id='word_1_622' title='bbox 1377 3866 1468 3936; x_wconf 84' lang='lat' dir='ltr'><strong>passio</strong></span> <span class='ocrx_word' id='word_1_623' title='bbox 1482 3865 1589 3922; x_wconf 81' lang='lat' dir='ltr'><strong>bomini</strong></span> <span class='ocrx_word' id='word_1_624' title='bbox 1601 3865 1728 3921; x_wconf 87' lang='lat' dir='ltr'><strong>solunsss</strong></span> 
     </span>
     <span class='ocr_line' id='line_1_40' title="bbox 76 3940 1728 4027; baseline 0.003 -20"><span class='ocrx_word' id='word_1_625' title='bbox 76 3960 176 4021; x_wconf 77' lang='lat' dir='ltr'><strong>terrm,</strong></span> <span class='ocrx_word' id='word_1_626' title='bbox 193 3970 280 4025; x_wconf 88' lang='lat' dir='ltr'><strong>neque</strong></span> <span class='ocrx_word' id='word_1_627' title='bbox 295 3968 326 4013; x_wconf 87' lang='lat' dir='ltr'><strong>es</strong></span> <span class='ocrx_word' id='word_1_628' title='bbox 342 3954 410 4011; x_wconf 81' lang='lat' dir='ltr'><strong>bonu</strong></span> <span class='ocrx_word' id='word_1_629' title='bbox 426 3954 533 4013; x_wconf 89' lang='lat' dir='ltr'><strong>llomini</strong></span> <span class='ocrx_word' id='word_1_630' title='bbox 545 3955 579 4013; x_wconf 84' lang='lat' dir='ltr'><strong>ad</strong></span> <span class='ocrx_word' id='word_1_631' title='bbox 600 3971 677 4013; x_wconf 83' lang='lat' dir='ltr'><strong>usuris</strong></span> <span class='ocrx_word' id='word_1_632' title='bbox 691 3970 752 4015; x_wconf 86' lang='lat' dir='ltr'><strong>esse</strong></span> <span class='ocrx_word' id='word_1_633' title='bbox 765 3966 875 4013; x_wconf 86' lang='lat' dir='ltr'><strong>sancte·</strong></span> <span class='ocrx_word' id='word_1_634' title='bbox 927 3954 1017 4017; x_wconf 83' lang='lat' dir='ltr'><strong>Patris</strong></span> <span class='ocrx_word' id='word_1_635' title='bbox 1039 3956 1098 4025; x_wconf 86' lang='lat' dir='ltr'><strong>luit,</strong></span> <span class='ocrx_word' id='word_1_636' title='bbox 1118 3956 1190 4013; x_wconf 86' lang='lat' dir='ltr'><strong>siem</strong></span> <span class='ocrx_word' id='word_1_637' title='bbox 1212 3964 1326 4014; x_wconf 76' lang='lat' dir='ltr'><strong>testatur</strong></span> <span class='ocrx_word' id='word_1_638' title='bbox 1354 3957 1382 4015; x_wconf 89' lang='lat' dir='ltr'><strong>in</strong></span> <span class='ocrx_word' id='word_1_639' title='bbox 1404 3940 1547 4027; x_wconf 71' lang='lat' dir='ltr'><strong>evangelio</strong></span> <span class='ocrx_word' id='word_1_640' title='bbox 1566 3956 1661 4017; x_wconf 88' lang='lat' dir='ltr'><strong>diceus</strong></span> <span class='ocrx_word' id='word_1_641' title='bbox 1683 3955 1728 4024; x_wconf 86' lang='lat' dir='ltr'><strong>(ut</strong></span> 
     </span>
     <span class='ocr_line' id='line_1_41' title="bbox 74 4045 1727 4120; baseline 0.002 -19"><span class='ocrx_word' id='word_1_642' title='bbox 74 4061 134 4103; x_wconf 87' lang='lat' dir='ltr'><strong>rum</strong></span> <span class='ocrx_word' id='word_1_643' title='bbox 165 4054 246 4105; x_wconf 72' lang='lat' dir='ltr'><strong>terrie</strong></span> <span class='ocrx_word' id='word_1_644' title='bbox 273 4046 472 4105; x_wconf 72' lang='lat' dir='ltr'><strong>habitatorum?</strong></span> <span class='ocrx_word' id='word_1_645' title='bbox 501 4045 567 4117; x_wconf 80' lang='lat' dir='ltr'><strong>Qum</strong></span> <span class='ocrx_word' id='word_1_646' title='bbox 588 4054 679 4107; x_wconf 87' lang='lat' dir='ltr'><strong>autem</strong></span> <span class='ocrx_word' id='word_1_647' title='bbox 709 4056 773 4105; x_wconf 83' lang='lat' dir='ltr'><strong>suits</strong></span> <span class='ocrx_word' id='word_1_648' title='bbox 805 4046 876 4105; x_wconf 90' lang='lat' dir='ltr'><strong>bons</strong></span> <span class='ocrx_word' id='word_1_649' title='bbox 928 4048 1010 4112; x_wconf 87' lang='lat' dir='ltr'><strong>irumu</strong></span> <span class='ocrx_word' id='word_1_650' title='bbox 1026 4049 1237 4119; x_wconf 90' lang='lat' dir='ltr'><strong>loquiturqnem</strong></span> <span class='ocrx_word' id='word_1_651' title='bbox 1255 4052 1388 4120; x_wconf 85' lang='lat' dir='ltr'><strong>suscepit)</strong></span> <span class='ocrx_word' id='word_1_652' title='bbox 1403 4068 1410 4105; x_wconf 82' lang='lat' dir='ltr'><strong>r</strong></span> <span class='ocrx_word' id='word_1_653' title='bbox 1423 4048 1513 4118; x_wconf 84' lang='lat' dir='ltr'><strong>Putes,</strong></span> <span class='ocrx_word' id='word_1_654' title='bbox 1526 4060 1638 4107; x_wconf 86' lang='lat' dir='ltr'><strong>sssssssut</strong></span> <span class='ocrx_word' id='word_1_655' title='bbox 1657 4051 1727 4105; x_wconf 79' lang='lat' dir='ltr'><strong>estis</strong></span> 
     </span>
     <span class='ocr_line' id='line_1_42' title="bbox 74 4138 1727 4215; baseline 0.002 -20"><span class='ocrx_word' id='word_1_656' title='bbox 74 4138 200 4209; x_wconf 82' lang='lat' dir='ltr'><strong>Christi,</strong></span> <span class='ocrx_word' id='word_1_657' title='bbox 217 4156 277 4211; x_wconf 78' lang='lat' dir='ltr'><strong>que</strong></span> <span class='ocrx_word' id='word_1_658' title='bbox 297 4141 366 4199; x_wconf 88' lang='lat' dir='ltr'><strong>boun</strong></span> <span class='ocrx_word' id='word_1_659' title='bbox 392 4140 461 4199; x_wconf 81' lang='lat' dir='ltr'><strong>Noni</strong></span> <span class='ocrx_word' id='word_1_660' title='bbox 481 4140 659 4209; x_wconf 83' lang='lat' dir='ltr'><strong>Testamenti,</strong></span> <span class='ocrx_word' id='word_1_661' title='bbox 677 4138 729 4195; x_wconf 89' lang='lat' dir='ltr'><strong>uisi</strong></span> <span class='ocrx_word' id='word_1_662' title='bbox 747 4140 876 4211; x_wconf 71' lang='lat' dir='ltr'><strong>grutuita,</strong></span> <span class='ocrx_word' id='word_1_663' title='bbox 927 4142 975 4199; x_wconf 88' lang='lat' dir='ltr'><strong>ists</strong></span> <span class='ocrx_word' id='word_1_664' title='bbox 989 4159 1006 4207; x_wconf 81' lang='lat' dir='ltr'><strong>e</strong></span> <span class='ocrx_word' id='word_1_665' title='bbox 1018 4156 1058 4200; x_wconf 85' lang='lat' dir='ltr'><strong>sss</strong></span> <span class='ocrx_word' id='word_1_666' title='bbox 1070 4156 1080 4201; x_wconf 92' lang='grc'><strong>.·</strong></span> <span class='ocrx_word' id='word_1_667' title='bbox 1092 4142 1422 4211; x_wconf 75' lang='lat' dir='ltr'><strong>resonuissemrrsssqsnd</strong></span> <span class='ocrx_word' id='word_1_668' title='bbox 1433 4157 1480 4215; x_wconf 79' lang='lat' dir='ltr'><strong>squ</strong></span> <span class='ocrx_word' id='word_1_669' title='bbox 1501 4141 1570 4207; x_wconf 87' lang='lat' dir='ltr'><strong>suls,</strong></span> <span class='ocrx_word' id='word_1_670' title='bbox 1592 4140 1637 4201; x_wconf 84' lang='lat' dir='ltr'><strong>sed</strong></span> <span class='ocrx_word' id='word_1_671' title='bbox 1657 4140 1727 4209; x_wconf 85' lang='lat' dir='ltr'><strong>quod</strong></span> 
     </span>
     <span class='ocr_line' id='line_1_43' title="bbox 74 4230 1726 4309; baseline 0 -22"><span class='ocrx_word' id='word_1_672' title='bbox 74 4233 127 4289; x_wconf 76' lang='lat' dir='ltr'><strong>nisi</strong></span> <span class='ocrx_word' id='word_1_673' title='bbox 150 4243 323 4305; x_wconf 85' lang='lat' dir='ltr'><strong>peccaturum</strong></span> <span class='ocrx_word' id='word_1_674' title='bbox 339 4234 482 4293; x_wconf 86' lang='lat' dir='ltr'><strong>remissinl</strong></span> <span class='ocrx_word' id='word_1_675' title='bbox 502 4232 567 4291; x_wconf 87' lang='lat' dir='ltr'><strong>lineo</strong></span> <span class='ocrx_word' id='word_1_676' title='bbox 587 4234 657 4293; x_wconf 88' lang='lat' dir='ltr'><strong>bons</strong></span> <span class='ocrx_word' id='word_1_677' title='bbox 672 4234 773 4293; x_wconf 88' lang='lat' dir='ltr'><strong>sanctis</strong></span> <span class='ocrx_word' id='word_1_678' title='bbox 796 4243 877 4293; x_wconf 76' lang='lat' dir='ltr'><strong>terre</strong></span> <span class='ocrx_word' id='word_1_679' title='bbox 930 4244 958 4291; x_wconf 90' lang='grc' dir='ltr'><strong>ιιι</strong></span> <span class='ocrx_word' id='word_1_680' title='bbox 981 4232 1090 4309; x_wconf 77' lang='lat' dir='ltr'><strong>(Nessi.</strong></span> <span class='ocrx_word' id='word_1_681' title='bbox 1111 4248 1187 4299; x_wconf 84' lang='lat' dir='ltr'><strong>xsss.</strong></span> <span class='ocrx_word' id='word_1_682' title='bbox 1200 4230 1260 4305; x_wconf 72' lang='grc'><strong>59).</strong></span> <span class='ocrx_word' id='word_1_683' title='bbox 1274 4231 1358 4304; x_wconf 70' lang='lat' dir='ltr'><strong>ipson</strong></span> <span class='ocrx_word' id='word_1_684' title='bbox 1379 4233 1403 4290; x_wconf 85' lang='lat' dir='ltr'><strong>si</strong></span> <span class='ocrx_word' id='word_1_685' title='bbox 1427 4232 1594 4291; x_wconf 71' lang='lat' dir='ltr'><strong>voluntatem</strong></span> <span class='ocrx_word' id='word_1_686' title='bbox 1618 4231 1726 4289; x_wconf 82' lang='lat' dir='ltr'><strong>bonnm</strong></span> 
     </span>
     <span class='ocr_line' id='line_1_44' title="bbox 74 4321 1729 4403; baseline -0.001 -22"><span class='ocrx_word' id='word_1_687' title='bbox 74 4327 234 4384; x_wconf 76' lang='lat' dir='ltr'><strong>soccessoris</strong></span> <span class='ocrx_word' id='word_1_688' title='bbox 251 4344 303 4383; x_wconf 91' lang='lat' dir='ltr'><strong>non</strong></span> <span class='ocrx_word' id='word_1_689' title='bbox 316 4337 388 4385; x_wconf 85' lang='lat' dir='ltr'><strong>sunt.</strong></span> <span class='ocrx_word' id='word_1_690' title='bbox 403 4326 463 4385; x_wconf 83' lang='lat' dir='ltr'><strong>Nun</strong></span> <span class='ocrx_word' id='word_1_691' title='bbox 483 4338 556 4403; x_wconf 80' lang='lat' dir='ltr'><strong>spent</strong></span> <span class='ocrx_word' id='word_1_692' title='bbox 570 4330 613 4399; x_wconf 88' lang='lat' dir='ltr'><strong>qui</strong></span> <span class='ocrx_word' id='word_1_693' title='bbox 627 4329 683 4388; x_wconf 85' lang='lat' dir='ltr'><strong>seni</strong></span> <span class='ocrx_word' id='word_1_694' title='bbox 693 4338 753 4385; x_wconf 84' lang='lat' dir='ltr'><strong>sunt</strong></span> <span class='ocrx_word' id='word_1_695' title='bbox 767 4330 876 4399; x_wconf 79' lang='lat' dir='ltr'><strong>norico,</strong></span> <span class='ocrx_word' id='word_1_696' title='bbox 928 4325 1097 4393; x_wconf 76' lang='lat' dir='ltr'><strong>concideres,</strong></span> <span class='ocrx_word' id='word_1_697' title='bbox 1121 4325 1180 4397; x_wconf 88' lang='lat' dir='ltr'><strong>ipse</strong></span> <span class='ocrx_word' id='word_1_698' title='bbox 1200 4324 1345 4383; x_wconf 83' lang='lat' dir='ltr'><strong>cosslessns</strong></span> <span class='ocrx_word' id='word_1_699' title='bbox 1368 4334 1410 4381; x_wconf 86' lang='lat' dir='ltr'><strong>ess</strong></span> <span class='ocrx_word' id='word_1_700' title='bbox 1432 4325 1528 4383; x_wconf 91' lang='lat' dir='ltr'><strong>dicens</strong></span> <span class='ocrx_word' id='word_1_701' title='bbox 1541 4342 1549 4382; x_wconf 82' lang='lat' dir='ltr'><strong>r</strong></span> <span class='ocrx_word' id='word_1_702' title='bbox 1564 4326 1587 4381; x_wconf 95' lang='lat' dir='ltr'><strong>si</strong></span> <span class='ocrx_word' id='word_1_703' title='bbox 1600 4321 1660 4381; x_wconf 83' lang='lat' dir='ltr'><strong>iteri</strong></span> <span class='ocrx_word' id='word_1_704' title='bbox 1679 4339 1729 4395; x_wconf 87' lang='lat' dir='ltr'><strong>pe·</strong></span> 
     </span>
     <span class='ocr_line' id='line_1_45' title="bbox 72 4417 1728 4497; baseline 0 -24"><span class='ocrx_word' id='word_1_705' title='bbox 72 4419 118 4473; x_wconf 83' lang='lat' dir='ltr'><strong>serl</strong></span> <span class='ocrx_word' id='word_1_706' title='bbox 131 4421 179 4489; x_wconf 89' lang='lat' dir='ltr'><strong>qui</strong></span> <span class='ocrx_word' id='word_1_707' title='bbox 196 4420 262 4477; x_wconf 83' lang='lat' dir='ltr'><strong>orcle</strong></span> <span class='ocrx_word' id='word_1_708' title='bbox 276 4420 369 4477; x_wconf 78' lang='lat' dir='ltr'><strong>iubent</strong></span> <span class='ocrx_word' id='word_1_709' title='bbox 392 4421 489 4493; x_wconf 80' lang='lat' dir='ltr'><strong>(liure.</strong></span> <span class='ocrx_word' id='word_1_710' title='bbox 513 4437 552 4491; x_wconf 83' lang='lat' dir='ltr'><strong>n,</strong></span> <span class='ocrx_word' id='word_1_711' title='bbox 569 4420 625 4497; x_wconf 84' lang='lat' dir='ltr'><strong>ti).</strong></span> <span class='ocrx_word' id='word_1_712' title='bbox 640 4422 674 4479; x_wconf 84' lang='lat' dir='ltr'><strong>Et</strong></span> <span class='ocrx_word' id='word_1_713' title='bbox 687 4422 795 4495; x_wconf 83' lang='lat' dir='ltr'><strong>proprie</strong></span> <span class='ocrx_word' id='word_1_714' title='bbox 814 4422 877 4481; x_wconf 84' lang='lat' dir='ltr'><strong>iilos</strong></span> <span class='ocrx_word' id='word_1_715' title='bbox 930 4426 992 4488; x_wconf 87' lang='lat' dir='ltr'><strong>test,</strong></span> <span class='ocrx_word' id='word_1_716' title='bbox 1008 4428 1129 4475; x_wconf 86' lang='lat' dir='ltr'><strong>transeat</strong></span> <span class='ocrx_word' id='word_1_717' title='bbox 1142 4418 1194 4473; x_wconf 88' lang='lat' dir='ltr'><strong>iste</strong></span> <span class='ocrx_word' id='word_1_718' title='bbox 1207 4417 1276 4474; x_wconf 87' lang='lat' dir='ltr'><strong>calis</strong></span> <span class='ocrx_word' id='word_1_719' title='bbox 1291 4432 1306 4473; x_wconf 90' lang='lat' dir='ltr'><strong>a</strong></span> <span class='ocrx_word' id='word_1_720' title='bbox 1322 4432 1376 4473; x_wconf 90' lang='lat' dir='ltr'><strong>me.</strong></span> <span class='ocrx_word' id='word_1_721' title='bbox 1393 4417 1468 4473; x_wconf 90' lang='lat' dir='ltr'><strong>llnde</strong></span> <span class='ocrx_word' id='word_1_722' title='bbox 1484 4418 1565 4473; x_wconf 89' lang='lat' dir='ltr'><strong>etiam</strong></span> <span class='ocrx_word' id='word_1_723' title='bbox 1576 4419 1728 4489; x_wconf 85' lang='lat' dir='ltr'><strong>redemptio</strong></span> 
     </span>
     <span class='ocr_line' id='line_1_46' title="bbox 72 4508 1728 4585; baseline 0.001 -20"><span class='ocrx_word' id='word_1_724' title='bbox 72 4512 120 4581; x_wconf 92' lang='lat' dir='ltr'><strong>qui</strong></span> <span class='ocrx_word' id='word_1_725' title='bbox 136 4526 168 4567; x_wconf 86' lang='lat' dir='ltr'><strong>se</strong></span> <span class='ocrx_word' id='word_1_726' title='bbox 184 4512 211 4567; x_wconf 93' lang='lat' dir='ltr'><strong>in</strong></span> <span class='ocrx_word' id='word_1_727' title='bbox 224 4514 352 4584; x_wconf 86' lang='lat' dir='ltr'><strong>operibns</strong></span> <span class='ocrx_word' id='word_1_728' title='bbox 372 4516 429 4570; x_wconf 86' lang='lat' dir='ltr'><strong>suis</strong></span> <span class='ocrx_word' id='word_1_729' title='bbox 441 4512 608 4585; x_wconf 77' lang='lat' dir='ltr'><strong>iustificam,</strong></span> <span class='ocrx_word' id='word_1_730' title='bbox 623 4525 730 4574; x_wconf 85' lang='lat' dir='ltr'><strong>sanctes</strong></span> <span class='ocrx_word' id='word_1_731' title='bbox 744 4532 798 4573; x_wconf 90' lang='lat' dir='ltr'><strong>non</strong></span> <span class='ocrx_word' id='word_1_732' title='bbox 815 4516 877 4575; x_wconf 81' lang='lat' dir='ltr'><strong>retr</strong></span> <span class='ocrx_word' id='word_1_733' title='bbox 928 4513 1050 4585; x_wconf 71' lang='lat' dir='ltr'><strong>sentium</strong></span> <span class='ocrx_word' id='word_1_734' title='bbox 1071 4526 1126 4572; x_wconf 86' lang='lat' dir='ltr'><strong>nnn</strong></span> <span class='ocrx_word' id='word_1_735' title='bbox 1154 4510 1184 4569; x_wconf 89' lang='lat' dir='ltr'><strong>in</strong></span> <span class='ocrx_word' id='word_1_736' title='bbox 1211 4513 1350 4568; x_wconf 85' lang='lat' dir='ltr'><strong>rutuntsts</strong></span> <span class='ocrx_word' id='word_1_737' title='bbox 1376 4508 1448 4578; x_wconf 79' lang='lat' dir='ltr'><strong>Filii,</strong></span> <span class='ocrx_word' id='word_1_738' title='bbox 1476 4508 1525 4565; x_wconf 89' lang='lat' dir='ltr'><strong>scd</strong></span> <span class='ocrx_word' id='word_1_739' title='bbox 1547 4509 1574 4565; x_wconf 88' lang='lat' dir='ltr'><strong>in</strong></span> <span class='ocrx_word' id='word_1_740' title='bbox 1589 4510 1728 4569; x_wconf 86' lang='lat' dir='ltr'><strong>suluotute</strong></span> 
     </span>
     <span class='ocr_line' id='line_1_47' title="bbox 72 4600 1726 4679; baseline 0.001 -22"><span class='ocrx_word' id='word_1_741' title='bbox 72 4600 121 4657; x_wconf 88' lang='lat' dir='ltr'><strong>sed</strong></span> <span class='ocrx_word' id='word_1_742' title='bbox 136 4613 220 4659; x_wconf 78' lang='lat' dir='ltr'><strong>terrm</strong></span> <span class='ocrx_word' id='word_1_743' title='bbox 233 4605 387 4676; x_wconf 69' lang='lat' dir='ltr'><strong>appellarim</strong></span> <span class='ocrx_word' id='word_1_744' title='bbox 401 4623 434 4663; x_wconf 85' lang='lat' dir='ltr'><strong>cs</strong></span> <span class='ocrx_word' id='word_1_745' title='bbox 447 4606 602 4663; x_wconf 82' lang='lat' dir='ltr'><strong>bominibus</strong></span> <span class='ocrx_word' id='word_1_746' title='bbox 612 4608 685 4665; x_wconf 92' lang='lat' dir='ltr'><strong>enim</strong></span> <span class='ocrx_word' id='word_1_747' title='bbox 698 4608 756 4663; x_wconf 90' lang='lat' dir='ltr'><strong>laus</strong></span> <span class='ocrx_word' id='word_1_748' title='bbox 770 4624 875 4679; x_wconf 89' lang='lat' dir='ltr'><strong>eorum,</strong></span> <span class='ocrx_word' id='word_1_749' title='bbox 890 4602 1019 4669; x_wconf 82' lang='lat' dir='ltr'><strong>DPatris</strong></span> <span class='ocrx_word' id='word_1_750' title='bbox 1033 4604 1188 4677; x_wconf 79' lang='lat' dir='ltr'><strong>recipiendo</strong></span> <span class='ocrx_word' id='word_1_751' title='bbox 1201 4616 1255 4665; x_wconf 87' lang='lat' dir='ltr'><strong>est.</strong></span> <span class='ocrx_word' id='word_1_752' title='bbox 1270 4604 1328 4664; x_wconf 88' lang='lat' dir='ltr'><strong>Nun</strong></span> <span class='ocrx_word' id='word_1_753' title='bbox 1343 4603 1417 4662; x_wconf 87' lang='lat' dir='ltr'><strong>enisu</strong></span> <span class='ocrx_word' id='word_1_754' title='bbox 1432 4602 1505 4675; x_wconf 90' lang='lat' dir='ltr'><strong>quod</strong></span> <span class='ocrx_word' id='word_1_755' title='bbox 1524 4617 1576 4673; x_wconf 78' lang='lat' dir='ltr'><strong>eqo</strong></span> <span class='ocrx_word' id='word_1_756' title='bbox 1588 4602 1661 4671; x_wconf 89' lang='lat' dir='ltr'><strong>solo,</strong></span> <span class='ocrx_word' id='word_1_757' title='bbox 1684 4604 1726 4659; x_wconf 82' lang='lat' dir='ltr'><strong>in·</strong></span> 
     </span>
     <span class='ocr_line' id='line_1_48' title="bbox 72 4696 1726 4773; baseline 0 -22"><span class='ocrx_word' id='word_1_758' title='bbox 72 4710 128 4751; x_wconf 89' lang='lat' dir='ltr'><strong>non</strong></span> <span class='ocrx_word' id='word_1_759' title='bbox 146 4712 183 4753; x_wconf 83' lang='lat' dir='ltr'><strong>es</strong></span> <span class='ocrx_word' id='word_1_760' title='bbox 201 4697 256 4753; x_wconf 87' lang='lat' dir='ltr'><strong>Deo</strong></span> <span class='ocrx_word' id='word_1_761' title='bbox 270 4710 310 4755; x_wconf 89' lang='lat' dir='ltr'><strong>est</strong></span> <span class='ocrx_word' id='word_1_762' title='bbox 328 4699 442 4773; x_wconf 84' lang='lat' dir='ltr'><strong>:quales</strong></span> <span class='ocrx_word' id='word_1_763' title='bbox 462 4700 546 4759; x_wconf 72' lang='lat' dir='ltr'><strong>luisse</strong></span> <span class='ocrx_word' id='word_1_764' title='bbox 568 4716 615 4759; x_wconf 86' lang='lat' dir='ltr'><strong>eus</strong></span> <span class='ocrx_word' id='word_1_765' title='bbox 631 4700 761 4759; x_wconf 84' lang='lat' dir='ltr'><strong>Dominus</strong></span> <span class='ocrx_word' id='word_1_766' title='bbox 781 4710 873 4769; x_wconf 83' lang='lat' dir='ltr'><strong>nutat.</strong></span> <span class='ocrx_word' id='word_1_767' title='bbox 928 4699 997 4770; x_wconf 82' lang='lat' dir='ltr'><strong>quit,</strong></span> <span class='ocrx_word' id='word_1_768' title='bbox 1013 4699 1063 4757; x_wconf 88' lang='lat' dir='ltr'><strong>sed</strong></span> <span class='ocrx_word' id='word_1_769' title='bbox 1084 4698 1156 4769; x_wconf 90' lang='lat' dir='ltr'><strong>quud</strong></span> <span class='ocrx_word' id='word_1_770' title='bbox 1169 4710 1208 4759; x_wconf 89' lang='lat' dir='ltr'><strong>tu.</strong></span> <span class='ocrx_word' id='word_1_771' title='bbox 1231 4698 1314 4769; x_wconf 82' lang='lat' dir='ltr'><strong>lqitur</strong></span> <span class='ocrx_word' id='word_1_772' title='bbox 1336 4698 1405 4753; x_wconf 88' lang='lat' dir='ltr'><strong>banc</strong></span> <span class='ocrx_word' id='word_1_773' title='bbox 1427 4696 1515 4766; x_wconf 85' lang='lat' dir='ltr'><strong>ipsam</strong></span> <span class='ocrx_word' id='word_1_774' title='bbox 1536 4696 1650 4767; x_wconf 78' lang='lat' dir='ltr'><strong>qratiam</strong></span> <span class='ocrx_word' id='word_1_775' title='bbox 1673 4710 1726 4766; x_wconf 85' lang='lat' dir='ltr'><strong>qus</strong></span> 
     </span>
     <span class='ocr_line' id='line_1_49' title="bbox 69 4774 1728 4865; baseline 0.003 -24"><span class='ocrx_word' id='word_1_776' title='bbox 69 4785 259 4857; x_wconf 82' lang='lat' dir='ltr'><strong>justificantes</strong></span> <span class='ocrx_word' id='word_1_777' title='bbox 273 4792 351 4864; x_wconf 78' lang='lat' dir='ltr'><strong>sein</strong></span> <span class='ocrx_word' id='word_1_778' title='bbox 372 4800 516 4863; x_wconf 82' lang='lat' dir='ltr'><strong>compecto</strong></span> <span class='ocrx_word' id='word_1_779' title='bbox 538 4791 699 4861; x_wconf 71' lang='lat' dir='ltr'><strong>iruminnrn3</strong></span> <span class='ocrx_word' id='word_1_780' title='bbox 715 4794 761 4864; x_wconf 90' lang='lat' dir='ltr'><strong>qui</strong></span> <span class='ocrx_word' id='word_1_781' title='bbox 783 4808 876 4865; x_wconf 77' lang='lat' dir='ltr'><strong>repre·</strong></span> <span class='ocrx_word' id='word_1_782' title='bbox 928 4808 978 4865; x_wconf 87' lang='lat' dir='ltr'><strong>per</strong></span> <span class='ocrx_word' id='word_1_783' title='bbox 999 4802 1115 4853; x_wconf 88' lang='lat' dir='ltr'><strong>mortem</strong></span> <span class='ocrx_word' id='word_1_784' title='bbox 1134 4793 1196 4865; x_wconf 78' lang='lat' dir='ltr'><strong>eins</strong></span> <span class='ocrx_word' id='word_1_785' title='bbox 1218 4774 1368 4860; x_wconf 72' lang='lat' dir='ltr'><strong>redemtore</strong></span> <span class='ocrx_word' id='word_1_786' title='bbox 1389 4798 1451 4848; x_wconf 90' lang='lat' dir='ltr'><strong>sunt</strong></span> <span class='ocrx_word' id='word_1_787' title='bbox 1470 4800 1574 4861; x_wconf 82' lang='lat' dir='ltr'><strong>qentcs,</strong></span> <span class='ocrx_word' id='word_1_788' title='bbox 1599 4804 1652 4845; x_wconf 91' lang='lat' dir='ltr'><strong>non</strong></span> <span class='ocrx_word' id='word_1_789' title='bbox 1675 4788 1728 4846; x_wconf 85' lang='lat' dir='ltr'><strong>sibl</strong></span> 
     </span>
     <span class='ocr_line' id='line_1_50' title="bbox 71 4880 1728 4956; baseline 0.002 -23"><span class='ocrx_word' id='word_1_790' title='bbox 71 4880 263 4937; x_wconf 86' lang='lat' dir='ltr'><strong>bendentibuc</strong></span> <span class='ocrx_word' id='word_1_791' title='bbox 285 4882 432 4953; x_wconf 86' lang='lat' dir='ltr'><strong>quodcum</strong></span> <span class='ocrx_word' id='word_1_792' title='bbox 449 4884 598 4956; x_wconf 80' lang='lat' dir='ltr'><strong>publicanis</strong></span> <span class='ocrx_word' id='word_1_793' title='bbox 617 4884 794 4955; x_wconf 78' lang='lat' dir='ltr'><strong>conniveret,</strong></span> <span class='ocrx_word' id='word_1_794' title='bbox 814 4884 880 4949; x_wconf 79' lang='lat' dir='ltr'><strong>Nure</strong></span> <span class='ocrx_word' id='word_1_795' title='bbox 928 4884 1026 4954; x_wconf 87' lang='lat' dir='ltr'><strong>Filius,</strong></span> <span class='ocrx_word' id='word_1_796' title='bbox 1042 4884 1090 4944; x_wconf 88' lang='lat' dir='ltr'><strong>sed</strong></span> <span class='ocrx_word' id='word_1_797' title='bbox 1106 4886 1179 4945; x_wconf 81' lang='lat' dir='ltr'><strong>Petri</strong></span> <span class='ocrx_word' id='word_1_798' title='bbox 1199 4882 1471 4956; x_wconf 77' lang='lat' dir='ltr'><strong>sssiqnst.ltsquses</strong></span> <span class='ocrx_word' id='word_1_799' title='bbox 1485 4881 1654 4941; x_wconf 83' lang='lat' dir='ltr'><strong>baereditatis</strong></span> <span class='ocrx_word' id='word_1_800' title='bbox 1668 4896 1728 4937; x_wconf 87' lang='lat' dir='ltr'><strong>susr</strong></span> 
     </span>
     <span class='ocr_line' id='line_1_51' title="bbox 70 4974 1577 5057; baseline 0.004 -30"><span class='ocrx_word' id='word_1_801' title='bbox 70 4974 142 5041; x_wconf 81' lang='lat' dir='ltr'><strong>ueni,</strong></span> <span class='ocrx_word' id='word_1_802' title='bbox 156 4974 349 5047; x_wconf 74' lang='lat' dir='ltr'><strong>inquitisum</strong></span> <span class='ocrx_word' id='word_1_803' title='bbox 359 4980 442 5049; x_wconf 74' lang='lat' dir='ltr'><strong>[acme</strong></span> <span class='ocrx_word' id='word_1_804' title='bbox 452 4978 545 5046; x_wconf 85' lang='lat' dir='ltr'><strong>misus,</strong></span> <span class='ocrx_word' id='word_1_805' title='bbox 558 4978 603 5037; x_wconf 85' lang='lat' dir='ltr'><strong>ssd</strong></span> <span class='ocrx_word' id='word_1_806' title='bbox 613 4991 759 5053; x_wconf 81' lang='lat' dir='ltr'><strong>premieres</strong></span> <span class='ocrx_word' id='word_1_807' title='bbox 769 4980 842 5057; x_wconf 84' lang='lat' dir='ltr'><strong>(ibid</strong></span> <span class='ocrx_word' id='word_1_808' title='bbox 854 4980 876 5056; x_wconf 75' lang='lat' dir='ltr'><strong>l.</strong></span> <span class='ocrx_word' id='word_1_809' title='bbox 928 4978 1060 5041; x_wconf 81' lang='lat' dir='ltr'><strong>eleaticis</strong></span> <span class='ocrx_word' id='word_1_810' title='bbox 1075 4979 1227 5050; x_wconf 84' lang='lat' dir='ltr'><strong>portionem</strong></span> <span class='ocrx_word' id='word_1_811' title='bbox 1242 4976 1387 5037; x_wconf 80' lang='lat' dir='ltr'><strong>boninum</strong></span> <span class='ocrx_word' id='word_1_812' title='bbox 1399 4992 1461 5037; x_wconf 85' lang='lat' dir='ltr'><strong>esse</strong></span> <span class='ocrx_word' id='word_1_813' title='bbox 1469 4978 1577 5035; x_wconf 83' lang='lat' dir='ltr'><strong>asserit.</strong></span> 
     </span>
     <span class='ocr_line' id='line_1_52' title="bbox 71 5064 1727 5146; baseline 0.002 -27"><span class='ocrx_word' id='word_1_814' title='bbox 71 5064 163 5137; x_wconf 76' lang='lat' dir='ltr'><strong>igitur</strong></span> <span class='ocrx_word' id='word_1_815' title='bbox 179 5068 263 5137; x_wconf 79' lang='lat' dir='ltr'><strong>gratia</strong></span> <span class='ocrx_word' id='word_1_816' title='bbox 282 5070 398 5141; x_wconf 73' lang='lat' dir='ltr'><strong>gratuita</strong></span> <span class='ocrx_word' id='word_1_817' title='bbox 419 5077 446 5127; x_wconf 91' lang='lat' dir='ltr'><strong>et</strong></span> <span class='ocrx_word' id='word_1_818' title='bbox 466 5070 590 5129; x_wconf 87' lang='lat' dir='ltr'><strong>remissio</strong></span> <span class='ocrx_word' id='word_1_819' title='bbox 610 5080 783 5144; x_wconf 85' lang='lat' dir='ltr'><strong>peccaturum</strong></span> <span class='ocrx_word' id='word_1_820' title='bbox 797 5075 877 5145; x_wconf 82' lang='lat' dir='ltr'><strong>justis</strong></span> <span class='ocrx_word' id='word_1_821' title='bbox 965 5078 991 5135; x_wconf 83' lang='lat'><strong>8.</strong></span> <span class='ocrx_word' id='word_1_822' title='bbox 1008 5074 1093 5137; x_wconf 78' lang='lat' dir='ltr'><strong>lens.</strong></span> <span class='ocrx_word' id='word_1_823' title='bbox 1110 5075 1137 5133; x_wconf 85' lang='lat' dir='ltr'><strong>b.</strong></span> <span class='ocrx_word' id='word_1_824' title='bbox 1161 5074 1296 5143; x_wconf 68' lang='lat' dir='ltr'><strong>ruarmo,</strong></span> <span class='ocrx_word' id='word_1_825' title='bbox 1323 5073 1422 5146; x_wconf 90' lang='lat' dir='ltr'><strong>inquit,</strong></span> <span class='ocrx_word' id='word_1_826' title='bbox 1443 5074 1590 5130; x_wconf 77' lang='lat' dir='ltr'><strong>smidersm</strong></span> <span class='ocrx_word' id='word_1_827' title='bbox 1612 5069 1676 5125; x_wconf 85' lang='lat' dir='ltr'><strong>ssibs&#39;</strong></span> <span class='ocrx_word' id='word_1_828' title='bbox 1698 5069 1727 5126; x_wconf 88' lang='lat' dir='ltr'><strong>in</strong></span> 
     </span>
     <span class='ocr_line' id='line_1_53' title="bbox 70 5160 1726 5239; baseline 0.001 -24"><span class='ocrx_word' id='word_1_829' title='bbox 70 5160 233 5217; x_wconf 87' lang='lat' dir='ltr'><strong>necessaria</strong></span> <span class='ocrx_word' id='word_1_830' title='bbox 246 5176 300 5219; x_wconf 90' lang='lat' dir='ltr'><strong>non</strong></span> <span class='ocrx_word' id='word_1_831' title='bbox 312 5172 369 5228; x_wconf 86' lang='lat' dir='ltr'><strong>est;</strong></span> <span class='ocrx_word' id='word_1_832' title='bbox 381 5162 428 5219; x_wconf 87' lang='lat' dir='ltr'><strong>sed</strong></span> <span class='ocrx_word' id='word_1_833' title='bbox 439 5164 531 5235; x_wconf 87' lang='lat' dir='ltr'><strong>utique</strong></span> <span class='ocrx_word' id='word_1_834' title='bbox 542 5163 623 5235; x_wconf 78' lang='lat' dir='ltr'><strong>iustis</strong></span> <span class='ocrx_word' id='word_1_835' title='bbox 631 5166 676 5237; x_wconf 92' lang='lat' dir='ltr'><strong>qui</strong></span> <span class='ocrx_word' id='word_1_836' title='bbox 687 5166 813 5239; x_wconf 81' lang='lat' dir='ltr'><strong>reiectos</strong></span> <span class='ocrx_word' id='word_1_837' title='bbox 828 5183 878 5239; x_wconf 81' lang='lat' dir='ltr'><strong>pn·</strong></span> <span class='ocrx_word' id='word_1_838' title='bbox 929 5170 1129 5238; x_wconf 85' lang='lat' dir='ltr'><strong>potentissimis:</strong></span> <span class='ocrx_word' id='word_1_839' title='bbox 1145 5169 1238 5227; x_wconf 82' lang='lat' dir='ltr'><strong>etesius</strong></span> <span class='ocrx_word' id='word_1_840' title='bbox 1252 5168 1389 5225; x_wconf 73' lang='lat' dir='ltr'><strong>increditus</strong></span> <span class='ocrx_word' id='word_1_841' title='bbox 1411 5184 1467 5223; x_wconf 87' lang='lat' dir='ltr'><strong>rssse</strong></span> <span class='ocrx_word' id='word_1_842' title='bbox 1479 5165 1593 5223; x_wconf 81' lang='lat' dir='ltr'><strong>mssirsm</strong></span> <span class='ocrx_word' id='word_1_843' title='bbox 1602 5172 1638 5219; x_wconf 88' lang='lat' dir='ltr'><strong>ess</strong></span> <span class='ocrx_word' id='word_1_844' title='bbox 1649 5161 1726 5219; x_wconf 80' lang='lat' dir='ltr'><strong>milri.</strong></span> 
     </span>
     <span class='ocr_line' id='line_1_54' title="bbox 71 5254 1721 5333; baseline -0.001 -22"><span class='ocrx_word' id='word_1_845' title='bbox 71 5262 152 5321; x_wconf 73' lang='lat' dir='ltr'><strong>tarsi,</strong></span> <span class='ocrx_word' id='word_1_846' title='bbox 170 5268 233 5311; x_wconf 85' lang='lat' dir='ltr'><strong>num</strong></span> <span class='ocrx_word' id='word_1_847' title='bbox 247 5270 310 5313; x_wconf 87' lang='lat' dir='ltr'><strong>rere</strong></span> <span class='ocrx_word' id='word_1_848' title='bbox 319 5255 409 5327; x_wconf 86' lang='lat' dir='ltr'><strong>justus</strong></span> <span class='ocrx_word' id='word_1_849' title='bbox 421 5270 453 5313; x_wconf 84' lang='lat' dir='ltr'><strong>ex</strong></span> <span class='ocrx_word' id='word_1_850' title='bbox 467 5256 520 5313; x_wconf 89' lang='lat' dir='ltr'><strong>lide</strong></span> <span class='ocrx_word' id='word_1_851' title='bbox 532 5258 605 5315; x_wconf 86' lang='lat' dir='ltr'><strong>senis</strong></span> <span class='ocrx_word' id='word_1_852' title='bbox 617 5258 649 5333; x_wconf 73' lang='lat' dir='ltr'><strong>(s.</strong></span> <span class='ocrx_word' id='word_1_853' title='bbox 664 5259 752 5329; x_wconf 69' lang='lat' dir='ltr'><strong>siniti</strong></span> <span class='ocrx_word' id='word_1_854' title='bbox 767 5257 813 5317; x_wconf 87' lang='lat' dir='ltr'><strong>isti</strong></span> <span class='ocrx_word' id='word_1_855' title='bbox 826 5259 877 5319; x_wconf 88' lang='lat' dir='ltr'><strong>its·</strong></span> <span class='ocrx_word' id='word_1_856' title='bbox 929 5261 991 5319; x_wconf 82' lang='lat' dir='ltr'><strong>Fuit</strong></span> <span class='ocrx_word' id='word_1_857' title='bbox 1004 5262 1076 5321; x_wconf 85' lang='lat' dir='ltr'><strong>enisu</strong></span> <span class='ocrx_word' id='word_1_858' title='bbox 1089 5261 1259 5319; x_wconf 86' lang='lat' dir='ltr'><strong>consuetudo</strong></span> <span class='ocrx_word' id='word_1_859' title='bbox 1277 5271 1378 5327; x_wconf 85' lang='lat' dir='ltr'><strong>retus,</strong></span> <span class='ocrx_word' id='word_1_860' title='bbox 1398 5269 1427 5316; x_wconf 94' lang='lat' dir='ltr'><strong>ut</strong></span> <span class='ocrx_word' id='word_1_861' title='bbox 1439 5270 1467 5315; x_wconf 88' lang='lat' dir='ltr'><strong>et</strong></span> <span class='ocrx_word' id='word_1_862' title='bbox 1485 5256 1555 5314; x_wconf 85' lang='lat' dir='ltr'><strong>bnes</strong></span> <span class='ocrx_word' id='word_1_863' title='bbox 1570 5254 1721 5327; x_wconf 88' lang='lat' dir='ltr'><strong>possessio·</strong></span> 
     </span>
     <span class='ocr_line' id='line_1_55' title="bbox 69 5346 1728 5423; baseline 0.001 -22"><span class='ocrx_word' id='word_1_864' title='bbox 69 5360 127 5417; x_wconf 89' lang='lat' dir='ltr'><strong>que</strong></span> <span class='ocrx_word' id='word_1_865' title='bbox 141 5348 231 5403; x_wconf 85' lang='lat' dir='ltr'><strong>sancti</strong></span> <span class='ocrx_word' id='word_1_866' title='bbox 245 5346 426 5421; x_wconf 76' lang='lat' dir='ltr'><strong>nonindiqent</strong></span> <span class='ocrx_word' id='word_1_867' title='bbox 441 5348 571 5407; x_wconf 89' lang='lat' dir='ltr'><strong>benorum</strong></span> <span class='ocrx_word' id='word_1_868' title='bbox 581 5350 690 5409; x_wconf 86' lang='lat' dir='ltr'><strong>bliisui.</strong></span> <span class='ocrx_word' id='word_1_869' title='bbox 703 5352 795 5423; x_wconf 89' lang='lat' dir='ltr'><strong>itaque</strong></span> <span class='ocrx_word' id='word_1_870' title='bbox 807 5353 875 5413; x_wconf 89' lang='lat' dir='ltr'><strong>inlrs</strong></span> <span class='ocrx_word' id='word_1_871' title='bbox 929 5372 994 5413; x_wconf 91' lang='lat' dir='ltr'><strong>num</strong></span> <span class='ocrx_word' id='word_1_872' title='bbox 1007 5356 1034 5411; x_wconf 95' lang='lat' dir='ltr'><strong>in</strong></span> <span class='ocrx_word' id='word_1_873' title='bbox 1053 5355 1173 5413; x_wconf 77' lang='lat' dir='ltr'><strong>funiculo</strong></span> <span class='ocrx_word' id='word_1_874' title='bbox 1193 5366 1419 5415; x_wconf 85' lang='lat' dir='ltr'><strong>mensurarentur</strong></span> <span class='ocrx_word' id='word_1_875' title='bbox 1434 5371 1441 5409; x_wconf 85' lang='lat' dir='ltr'><strong>s</strong></span> <span class='ocrx_word' id='word_1_876' title='bbox 1464 5351 1579 5421; x_wconf 81' lang='lat' dir='ltr'><strong>ideoque</strong></span> <span class='ocrx_word' id='word_1_877' title='bbox 1598 5348 1644 5404; x_wconf 87' lang='lat' dir='ltr'><strong>irie</strong></span> <span class='ocrx_word' id='word_1_878' title='bbox 1665 5362 1728 5405; x_wconf 88' lang='lat' dir='ltr'><strong>cusu</strong></span> 
     </span>
     <span class='ocr_line' id='line_1_56' title="bbox 70 5436 1729 5519; baseline 0.003 -28"><span class='ocrx_word' id='word_1_879' title='bbox 70 5436 111 5493; x_wconf 81' lang='lat' dir='ltr'><strong>nis</strong></span> <span class='ocrx_word' id='word_1_880' title='bbox 135 5456 142 5491; x_wconf 76' lang='grc' dir='ltr'>ι</span> <span class='ocrx_word' id='word_1_881' title='bbox 170 5436 233 5495; x_wconf 86' lang='grc' dir='ltr'>Νοιι</span> <span class='ocrx_word' id='word_1_882' title='bbox 247 5440 405 5515; x_wconf 80' lang='lat' dir='ltr'><strong>conpsequio</strong></span> <span class='ocrx_word' id='word_1_883' title='bbox 426 5458 571 5516; x_wconf 79' lang='lat' dir='ltr'><strong>spuupoprs</strong></span> <span class='ocrx_word' id='word_1_884' title='bbox 594 5460 681 5502; x_wconf 84' lang='lat' dir='ltr'><strong>eurum</strong></span> <span class='ocrx_word' id='word_1_885' title='bbox 699 5446 731 5501; x_wconf 86' lang='lat' dir='ltr'><strong>ds</strong></span> <span class='ocrx_word' id='word_1_886' title='bbox 751 5446 875 5516; x_wconf 84' lang='lat' dir='ltr'><strong>scopulus</strong></span> <span class='ocrx_word' id='word_1_887' title='bbox 929 5448 964 5507; x_wconf 87' lang='lat' dir='ltr'><strong>de</strong></span> <span class='ocrx_word' id='word_1_888' title='bbox 978 5449 1145 5508; x_wconf 77' lang='lat' dir='ltr'><strong>bursentinus</strong></span> <span class='ocrx_word' id='word_1_889' title='bbox 1157 5462 1217 5507; x_wconf 82' lang='lat' dir='ltr'><strong>sue</strong></span> <span class='ocrx_word' id='word_1_890' title='bbox 1229 5449 1352 5519; x_wconf 85' lang='lat' dir='ltr'><strong>portione</strong></span> <span class='ocrx_word' id='word_1_891' title='bbox 1370 5440 1671 5517; x_wconf 70' lang='lat' dir='ltr'><strong>loqueretur,qurirrti,</strong></span> <span class='ocrx_word' id='word_1_892' title='bbox 1688 5440 1729 5494; x_wconf 91' lang='lat' dir='ltr'><strong>in·</strong></span> 
     </span>
     <span class='ocr_line' id='line_1_57' title="bbox 68 5528 1730 5615; baseline 0.001 -28"><span class='ocrx_word' id='word_1_893' title='bbox 68 5545 143 5587; x_wconf 88' lang='lat' dir='ltr'><strong>men.</strong></span> <span class='ocrx_word' id='word_1_894' title='bbox 159 5528 221 5585; x_wconf 89' lang='lat' dir='ltr'><strong>Nun</strong></span> <span class='ocrx_word' id='word_1_895' title='bbox 233 5537 275 5589; x_wconf 90' lang='lat' dir='ltr'><strong>est</strong></span> <span class='ocrx_word' id='word_1_896' title='bbox 286 5534 358 5588; x_wconf 89' lang='lat' dir='ltr'><strong>enim</strong></span> <span class='ocrx_word' id='word_1_897' title='bbox 373 5533 472 5590; x_wconf 89' lang='lat' dir='ltr'><strong>talibus</strong></span> <span class='ocrx_word' id='word_1_898' title='bbox 486 5534 636 5607; x_wconf 87' lang='lat' dir='ltr'><strong>redemptio</strong></span> <span class='ocrx_word' id='word_1_899' title='bbox 649 5550 698 5607; x_wconf 84' lang='lat' dir='ltr'><strong>pes</strong></span> <span class='ocrx_word' id='word_1_900' title='bbox 717 5538 874 5607; x_wconf 78' lang='lat' dir='ltr'><strong>sanquinem</strong></span> <span class='ocrx_word' id='word_1_901' title='bbox 929 5543 997 5615; x_wconf 81' lang='lat' dir='ltr'><strong>quir,</strong></span> <span class='ocrx_word' id='word_1_902' title='bbox 1011 5543 1158 5601; x_wconf 83' lang='lat' dir='ltr'><strong>ceciderunt</strong></span> <span class='ocrx_word' id='word_1_903' title='bbox 1169 5544 1234 5599; x_wconf 77' lang='lat' dir='ltr'><strong>mitri</strong></span> <span class='ocrx_word' id='word_1_904' title='bbox 1247 5544 1275 5599; x_wconf 86' lang='lat' dir='ltr'><strong>in</strong></span> <span class='ocrx_word' id='word_1_905' title='bbox 1287 5542 1352 5612; x_wconf 85' lang='lat' dir='ltr'><strong>ipsis</strong></span> <span class='ocrx_word' id='word_1_906' title='bbox 1366 5537 1558 5612; x_wconf 78' lang='lat' dir='ltr'><strong>potentissimis,</strong></span> <span class='ocrx_word' id='word_1_907' title='bbox 1573 5533 1730 5603; x_wconf 79' lang='lat' dir='ltr'><strong>decipimus</strong></span> 
     </span>
     <span class='ocr_line' id='line_1_58' title="bbox 68 5623 1730 5707; baseline 0.001 -28"><span class='ocrx_word' id='word_1_908' title='bbox 68 5638 168 5679; x_wconf 89' lang='lat' dir='ltr'><strong>meum</strong></span> <span class='ocrx_word' id='word_1_909' title='bbox 187 5626 349 5693; x_wconf 85' lang='lat' dir='ltr'><strong>rreeesssria,</strong></span> <span class='ocrx_word' id='word_1_910' title='bbox 364 5626 410 5697; x_wconf 96' lang='lat' dir='ltr'><strong>qui</strong></span> <span class='ocrx_word' id='word_1_911' title='bbox 422 5626 550 5697; x_wconf 79' lang='lat' dir='ltr'><strong>sejustus</strong></span> <span class='ocrx_word' id='word_1_912' title='bbox 564 5642 625 5685; x_wconf 83' lang='lat' dir='ltr'><strong>esse</strong></span> <span class='ocrx_word' id='word_1_913' title='bbox 637 5629 813 5690; x_wconf 82' lang='lat' dir='ltr'><strong>arbitrantur.</strong></span> <span class='ocrx_word' id='word_1_914' title='bbox 928 5648 1021 5695; x_wconf 87' lang='lat' dir='ltr'><strong>aeteus</strong></span> <span class='ocrx_word' id='word_1_915' title='bbox 1036 5636 1075 5693; x_wconf 89' lang='lat' dir='ltr'><strong>rei</strong></span> <span class='ocrx_word' id='word_1_916' title='bbox 1092 5637 1172 5707; x_wconf 79' lang='lat' dir='ltr'><strong>buius</strong></span> <span class='ocrx_word' id='word_1_917' title='bbox 1190 5635 1373 5693; x_wconf 87' lang='lat' dir='ltr'><strong>testimenium</strong></span> <span class='ocrx_word' id='word_1_918' title='bbox 1388 5648 1421 5688; x_wconf 90' lang='lat' dir='ltr'><strong>es</strong></span> <span class='ocrx_word' id='word_1_919' title='bbox 1442 5630 1549 5691; x_wconf 87' lang='lat' dir='ltr'><strong>esnsicn</strong></span> <span class='ocrx_word' id='word_1_920' title='bbox 1571 5624 1666 5697; x_wconf 74' lang='lat' dir='ltr'><strong>ilnysi,</strong></span> <span class='ocrx_word' id='word_1_921' title='bbox 1682 5623 1730 5690; x_wconf 85' lang='lat' dir='ltr'><strong>nbi</strong></span> 
     </span>
     <span class='ocr_line' id='line_1_59' title="bbox 107 5714 1730 5802; baseline 0.002 -31"><span class='ocrx_word' id='word_1_922' title='bbox 107 5716 137 5771; x_wconf 89' lang='lat'><strong>6.</strong></span> <span class='ocrx_word' id='word_1_923' title='bbox 162 5714 219 5773; x_wconf 85' lang='lat' dir='ltr'><strong>Sed</strong></span> <span class='ocrx_word' id='word_1_924' title='bbox 234 5731 315 5789; x_wconf 90' lang='lat' dir='ltr'><strong>quare</strong></span> <span class='ocrx_word' id='word_1_925' title='bbox 341 5719 399 5775; x_wconf 83' lang='lat' dir='ltr'><strong>nit:</strong></span> <span class='ocrx_word' id='word_1_926' title='bbox 417 5718 475 5791; x_wconf 80' lang='lat' dir='ltr'><strong>Ipsi</strong></span> <span class='ocrx_word' id='word_1_927' title='bbox 498 5720 577 5777; x_wconf 81' lang='lat' dir='ltr'><strong>miras</strong></span> <span class='ocrx_word' id='word_1_928' title='bbox 597 5720 712 5793; x_wconf 79' lang='lat' dir='ltr'><strong>{rement</strong></span> <span class='ocrx_word' id='word_1_929' title='bbox 733 5722 875 5790; x_wconf 82' lang='lat' dir='ltr'><strong>noluntates</strong></span> <span class='ocrx_word' id='word_1_930' title='bbox 931 5732 1062 5802; x_wconf 84' lang='lat' dir='ltr'><strong>seriptum</strong></span> <span class='ocrx_word' id='word_1_931' title='bbox 1077 5741 1119 5789; x_wconf 89' lang='lat' dir='ltr'><strong>est</strong></span> <span class='ocrx_word' id='word_1_932' title='bbox 1131 5751 1138 5789; x_wconf 83' lang='lat' dir='ltr'><strong>s</strong></span> <span class='ocrx_word' id='word_1_933' title='bbox 1152 5730 1218 5789; x_wconf 80' lang='lat' dir='ltr'><strong>Csssr</strong></span> <span class='ocrx_word' id='word_1_934' title='bbox 1232 5730 1353 5801; x_wconf 83' lang='lat' dir='ltr'><strong>dispersit</strong></span> <span class='ocrx_word' id='word_1_935' title='bbox 1376 5726 1447 5794; x_wconf 81' lang='lat' dir='ltr'><strong>ilem</strong></span> <span class='ocrx_word' id='word_1_936' title='bbox 1461 5727 1529 5797; x_wconf 72' lang='lat' dir='ltr'><strong>filies</strong></span> <span class='ocrx_word' id='word_1_937' title='bbox 1541 5721 1616 5789; x_wconf 78' lang='lat' dir='ltr'><strong>dde,</strong></span> <span class='ocrx_word' id='word_1_938' title='bbox 1632 5729 1656 5775; x_wconf 86' lang='lat' dir='ltr'><strong>st</strong></span> <span class='ocrx_word' id='word_1_939' title='bbox 1677 5728 1730 5789; x_wconf 59' lang='lat' dir='ltr'><strong>stus</strong></span> 
     </span>
     <span class='ocr_line' id='line_1_60' title="bbox 67 5805 1731 5898; baseline 0.002 -31"><span class='ocrx_word' id='word_1_940' title='bbox 67 5817 135 5869; x_wconf 84' lang='lat' dir='ltr'><strong>sees</strong></span> <span class='ocrx_word' id='word_1_941' title='bbox 156 5808 186 5864; x_wconf 87' lang='lat' dir='ltr'><strong>in</strong></span> <span class='ocrx_word' id='word_1_942' title='bbox 201 5822 247 5877; x_wconf 84' lang='lat' dir='ltr'><strong>ss,·</strong></span> <span class='ocrx_word' id='word_1_943' title='bbox 262 5805 336 5875; x_wconf 79' lang='lat' dir='ltr'><strong>less</strong></span> <span class='ocrx_word' id='word_1_944' title='bbox 348 5808 382 5872; x_wconf 83' lang='lat' dir='ltr'><strong>l:</strong></span> <span class='ocrx_word' id='word_1_945' title='bbox 395 5810 573 5887; x_wconf 79' lang='lat' dir='ltr'><strong>metopomm</strong></span> <span class='ocrx_word' id='word_1_946' title='bbox 585 5822 645 5873; x_wconf 79' lang='lat' dir='ltr'><strong>sess</strong></span> <span class='ocrx_word' id='word_1_947' title='bbox 656 5814 819 5889; x_wconf 74' lang='lat' dir='ltr'><strong>infirmiores</strong></span> <span class='ocrx_word' id='word_1_948' title='bbox 831 5832 875 5879; x_wconf 71' lang='lat' dir='ltr'><strong>sm</strong></span> <span class='ocrx_word' id='word_1_949' title='bbox 931 5822 979 5885; x_wconf 72' lang='lat' dir='ltr'><strong>sets</strong></span> <span class='ocrx_word' id='word_1_950' title='bbox 996 5822 1061 5896; x_wconf 70' lang='lat' dir='ltr'><strong>fisss</strong></span> <span class='ocrx_word' id='word_1_951' title='bbox 1073 5823 1187 5898; x_wconf 79' lang='lat' dir='ltr'><strong>pestism</strong></span> <span class='ocrx_word' id='word_1_952' title='bbox 1203 5820 1345 5883; x_wconf 75' lang='lat' dir='ltr'><strong>semim</strong></span> <span class='ocrx_word' id='word_1_953' title='bbox 1358 5834 1493 5881; x_wconf 73' lang='lat' dir='ltr'><strong>sctum</strong></span> <span class='ocrx_word' id='word_1_954' title='bbox 1505 5815 1657 5893; x_wconf 80' lang='lat' dir='ltr'><strong>snpelossrn</strong></span> <span class='ocrx_word' id='word_1_955' title='bbox 1669 5808 1731 5887; x_wconf 75' lang='lat' dir='ltr'><strong>liei,</strong></span> 
     </span>
    </p>
   </div>
   <div class='ocr_carea' id='block_1_3' title="bbox 0 0 2026 6342">
    <p class='ocr_par' dir='ltr' id='par_1_3' title="bbox 0 0 2026 6342">
     <span class='ocr_line' id='line_1_61' title="bbox 0 0 2026 6342; baseline 0 4"><span class='ocrx_word' id='word_1_956' title='bbox 0 0 2026 6342; x_wconf 95' lang='lat' dir='ltr'><strong> </strong></span> 
     </span>
    </p>
   </div>
  </div>
 </body>
</html>
