4042 6342
311 329 383 386 toas
588 352 591 360 ·
911 317 1034 378 sancti
1054 315 1184 374 ditabit
1203 315 1357 376 uctscoct
1897 315 1952 372 ital

312 456 422 501 roratum
436 445 515 502 Nulla
527 444 599 502 enim
614 458 648 499 cx
661 442 724 515 lege
738 452 767 500 et
777 441 918 514 prophetis
932 440 1057 512 gentibus
1071 453 1111 494 sa·
1124 437 1150 500 Α
1161 453 1200 494 rat
1212 437 1347 508 passionis
1366 435 1493 494 ellectum
1508 434 1538 492 in
1553 433 1785 507 praedicationem
1805 433 1951 504 poettitmta

314 538 358 597 lus
373 541 498 605 sumitur,
520 538 568 594 sed
582 552 631 610 per
645 537 759 608 gratiam
774 536 891 608 Spiritus
911 536 1016 600 rirnat,
1033 533 1110 604 etnim
1162 531 1196 588 ad
1213 530 1345 588 Ninivitas
1360 530 1418 602 pari
1440 533 1533 602 specie
1549 529 1737 602 praentiserat.
1754 526 1875 596 Namque
1887 527 1951 584 lano

316 631 490 703 septiforme,
517 637 547 684 ut
560 644 609 700 per
637 628 746 685 Esaiam
773 625 906 694 traditur,
934 641 1033 682 ronanus
1056 633 1109 690 est,
1163 625 1250 680 nentis
1262 625 1471 681 ‹lesmnientibus
1483 623 1653 695 projectuse
1669 621 1800 689 atariest,
1817 627 1845 676 et
1858 620 1951 675 decora

314 725 388 794 Ergo
404 721 454 795 (a)
484 721 603 791 Spiritus
627 735 677 792 per
705 721 787 778 iidem
816 720 890 776 salus
914 719 1040 790 gentibus
1069 724 1110 773 est
1163 725 1206 770 tns
1225 725 1325 782 aceto,
1339 724 1368 772 et
1382 721 1444 786 post
1459 715 1580 771 triduom
1601 715 1685 768 viros
1706 711 1837 778 emissus,
1852 727 1901 766 non
1920 729 1950 768 ro

314 815 401 890 (lieni.
415 813 503 888 sah).
518 813 584 885 Quas
598 814 627 870 itt
640 813 911 871 terramreeumbnnt
923 829 932 878 ;
944 811 1027 866 nullis
1037 810 1109 866 onim
1163 816 1278 863 tentusn
1294 815 1427 874 ntoastro,
1442 823 1496 864 aon
1511 807 1565 864 cibi
1577 804 1745 864 conditione
1758 805 1895 862 conlectus
1904 807 1949 862 :sol

299 902 381 980 'legis
394 907 522 979 operibus
536 905 643 962 lucrant
660 914 724 962 ante
736 906 881 964 substraho
895 923 903 959 :
918 904 966 962 sed
981 911 1109 976 peccato·
1161 909 1256 958 contra
1277 901 1389 958 bomani
1403 902 1526 973 corporis
1548 910 1677 958 ausuram
1703 899 1852 970 integeret
1871 899 1948 957 thaso

314 1017 377 1058 rum
392 1011 579 1072 etcorporum
592 1013 703 1056 suorum
716 999 814 1072 origini
827 999 1000 1066 inbaereates,
1017 997 1050 1053 nd
1060 995 1110 1052 do·
1162 995 1189 1052 ia
1208 1010 1289 1052 auras
1312 1011 1426 1068 superas
1438 996 1537 1052 virtute
1551 993 1706 1050 dominicas
1720 990 1765 1065 (d)
1782 992 1948 1063 praehgnraao

312 1108 379 1150 anta
391 1091 507 1163 Spiritus
518 1091 684 1163 septiformis
700 1101 839 1148 vocantia.
859 1089 940 1165 747
952 1089 1110 1147 lndolinitus
1162 1091 1204 1146 nis
1215 1089 1314 1146 euadit.
1329 1089 1386 1146 lloc
1399 1104 1465 1162 ergo
1475 1088 1621 1161 potcstatis
1638 1103 1701 1144 suas
1714 1087 1825 1158 siguum
1839 1089 1945 1142 constita-

310 1187 426 1257 piscium
438 1183 758 1250 numerosissimarum
771 1184 944 1240 donornmct
958 1181 1109 1239 cbarisma·
1161 1191 1217 1240 tntu
1236 1179 1320 1256 748
1348 1197 1409 1240 esse
1431 1183 1617 1250 demonstrat,
1638 1182 1679 1253 (o)
1700 1179 1764 1252 ipse
1786 1181 1946 1238 remissiones

311 1288 370 1333 tum
397 1277 436 1348 (l)
464 1275 624 1348 partitiones
649 1275 916 1346 ministrationesque
942 1271 1077 1344 sigaillcat
1099 1288 1107 1328 a
1159 1285 1333 1345 pcccatorum
1348 1289 1397 1345 per
1417 1275 1606 1346 paenitentiam
1623 1271 1797 1344 praedicans,
1817 1270 1944 1328 deictus

310 1371 409 1443 quibus
424 1370 492 1427 hdes
504 1371 624 1442 gentiunt
646 1370 792 1441 gratiarum
806 1367 965 1425 diuersitate
980 1367 1106 1422 satiatur.
1160 1368 1214 1424 lem
1226 1368 1268 1424 vel
1278 1368 1420 1440 Synagaga
1433 1368 1638 1424 irnmandornm
1654 1365 1808 1436 spirituum
1820 1365 1944 1422 dominante

311 1465 367 1522 Scd
391 1463 463 1536 qnod
485 1475 588 1536 septem
607 1475 708 1535 sportae
730 1464 889 1534 replentur;
903 1460 1059 1518 redatadans
1081 1465 1109 1516 et
1159 1460 1224 1517 llatu
1237 1461 1399 1534 ejiciendus,
1414 1471 1442 1518 ct
1455 1461 1533 1518 Pilati
1549 1459 1698 1534 potestati,
1714 1459 1747 1517 id
1761 1469 1815 1524 ast,
1829 1461 1942 1530 sacntijs

311 1558 490 1630 multiplicata
500 1557 668 1630 septiformis
680 1557 799 1627 Spiritus
813 1557 891 1626 copia
905 1554 1050 1620 indicatur,
1064 1553 1108 1610 cul
1159 1557 1397 1614 diciotrndeadus:
1407 1566 1456 1612 eta
1465 1565 1554 1614 morte
1560 1564 1707 1628 tamtpnam
1717 1554 1938 1625 clementiejasiea

308 1651 382 1724 quad
394 1651 523 1723 largiatur
532 1649 664 1707 exuberet
677 1668 685 1706 ι
698 1650 782 1722 litque
791 1650 922 1706 saturatis
935 1648 1014 1705 nobis
1025 1647 1108 1704 ditior
1159 1659 1280 1706 monstra
1295 1645 1451 1722 glutiendus
1475 1667 1482 1702 :
1510 1659 1538 1706 et
1552 1655 1616 1722 post
1628 1649 1763 1705 triduum
1776 1662 1810 1705 cs
1824 1662 1861 1716 es,
1872 1659 1935 1704 canta

308 1757 420 1814 semper
437 1750 465 1798 et
485 1741 601 1813 plenior.
617 1739 694 1809 Quod
716 1756 781 1796 aero
798 1746 914 1812 quatuor
937 1738 1021 1795 millia
1035 1739 1107 1795 viro·
1158 1741 1340 1798 conditionem
1356 1740 1473 1800 bominis
1488 1757 1569 1813 quom
1592 1745 1800 1812 assumpserat
1822 1751 1933 1797 naaman

306 1851 368 1893 rum
391 1843 601 1908 congregantur,
622 1832 778 1901 mttltitudo,
807 1832 1045 1889 innumerabilium
1070 1845 1104 1888 ex
1119 1827 1142 1890 tt
1157 1843 1210 1900 tus,
1226 1837 1302 1891 ainos
1322 1845 1403 1907 atque
1430 1837 1603 1907 incorruptus
1628 1849 1801 1908 emergens.
1821 1833 1848 1889 ha
1866 1836 1925 1907 piar,

307 1937 424 2002 quatuor
436 1927 509 1985 orbis
528 1927 650 2000 partibus
662 1925 832 1998 intelligitur.
847 1925 887 1980 hd
900 1925 1014 1979 intratam
1031 1923 1105 1980 enim
1158 1944 1218 2000 qaam
1231 1929 1258 1984 ia
1267 1927 1375 1984 bomine
1384 1927 1684 2000 deconceptnrirginis
1696 1927 1916 1998 sumptodamran

308 2025 392 2089 futuri
412 2024 441 2080 in
464 2032 503 2079 tot
515 2022 631 2093 partium
647 2019 732 2076 millia
751 2019 828 2092 plebs
842 2020 1013 2075 dinumerata
1026 2017 1106 2074 satia·
1157 2028 1235 2076 erant
1248 2021 1326 2091 plena
1342 2019 1482 2088 uirtutum,
1510 2019 1640 2092 cognosci
1657 2027 1752 2091 atque
1773 2018 1918 2088 intelligiles

308 2127 364 2183 tur,
376 2115 516 2188 qtnosidem
538 2113 574 2170 de
587 2113 708 2184 partibus
733 2113 766 2168 ad
783 2112 906 2170 coelcstis
926 2111 981 2169 cibi
1002 2111 1105 2168 donum
1157 2112 1243 2170 noluit
1255 2123 1282 2170 ot
1298 2113 1437 2186 prophetae
1457 2114 1535 2186 signo
1548 2123 1576 2169 ct
1591 2114 1721 2171 botatinis
1739 2113 1865 2184 exemplo.

306 2221 474 2265 concursura
485 2215 576 2264 essent
590 2198 899 2263 mitiiacredttoronnm.
920 2205 1010 2261 'larba
1026 2205 1107 2278 igilur
1192 2207 1220 2262 3.
1233 2205 1268 2260 ha
1282 2205 1474 2284 lepisoperihtts
1485 2221 1542 2279 spes
1555 2205 1642 2274 nullo,
1662 2205 1711 2260 ttbs'
1739 2207 1835 2260 ueritus
1855 2205 1928 2276 recipi.

306 2300 451 2358 dimittitur
464 2300 560 2356 satiata
572 2307 600 2357 ct
610 2299 728 2371 expleta.
751 2300 786 2355 Et
796 2299 858 2371 qnia
869 2299 996 2356 omnibus
1008 2299 1106 2356 diebus
1156 2297 1240 2354 -Et
1262 2299 1426 2356 relictisillis
1449 2298 1512 2353 abiit
1534 2297 1633 2370 (laid,
1657 2297 1701 2370 h).
1729 2298 1794 2354 Noa
1819 2299 1929 2354 dentiam
1965 2359 1966 2370 ¹

305 2392 370 2449 ritae
390 2400 491 2448 nostrae
511 2391 651 2449 nobiscum
671 2392 801 2448 Dominus
822 2401 925 2460 manet,
949 2405 1058 2461 nauem,
1079 2390 1105 2448 id
1157 2393 1217 2451 aliis
1233 2393 1341 2466 legitur,
1353 2393 1470 2450 dimissis
1491 2393 1577 2449 turbis
1591 2392 1686 2448 abiit:
1714 2393 1769 2448 scd
1792 2393 1853 2463 qnia
1872 2391 1927 2444 iola
1965 2383 1966 2386 ’

304 2496 348 2546 est
367 2487 529 2555 Ecclesiam,
555 2487 725 2544 credentium
746 2485 826 2558 plebe
848 2486 994 2543 comitatus
1013 2486 1105 2558 ingre·
1157 2488 1240 2545 litatis
1262 2503 1341 2544 error
1363 2486 1538 2544 insolentiam
1558 2485 1669 2542 animos
1685 2486 1845 2556 obtinebat,
1860 2485 1927 2542 nnat
1965 2549 1966 2568 χ

303 2580 387 2638 ditur.
1156 2581 1265 2638 misisse
1277 2594 1326 2636 eos
1340 2579 1479 2646 scribitur,
1502 2579 1551 2637 sed
1567 2580 1733 2652 reliquisse.
1749 2579 1787 2635 Et
1807 2597 1862 2636 eunt
1881 2580 1930 2636 nis

598 2691 715 2752 (Ἄρηι)
735 2691 806 2750 xpp
1156 2681 1193 2728 sel
1208 2678 1403 2744 transfretum,
1418 2673 1491 2729 obliti
1514 2682 1574 2729 stant
1589 2672 1723 2746 discipuli
1734 2677 1796 2746 ejus
1814 2676 1932 2745 maara

1157 2781 1225 2836 pere.
1239 2764 1317 2822 lesnes
1332 2774 1417 2820 namra
1439 2765 1505 2820 dicit
1532 2765 1586 2820 iliis
1603 2765 1770 2824 :Atterndite
1792 2767 1857 2822 achis
1873 2784 1886 2819 ι
1900 2769 1931 2834 la·

1156 2865 1241 2910 ascalo
1257 2854 1451 2912 Pharisaeorum
1474 2865 1496 2911 ct
1518 2855 1738 2912 Sadducaeorum
1763 2856 1857 2931 (leid,
1874 2857 1929 2922 ξε).

1157 2951 1287 3006 Absoluta
1310 2950 1399 3006 omnis
1420 2949 1454 3005 de
1468 2949 1602 3006 lermento
1614 2947 1829 3008 Pharisaeorum
1846 2959 1866 3006 rt
1881 2948 1928 3006 Sed·

687 3116 690 3122 .
1156 3042 1312 3100 ducatorum
1334 3041 1484 3100 obscuritas
1502 3051 1553 3098 cst.
1573 3040 1654 3112 Quod
1668 3043 1919 3102 antemabo'aerese

341 3133 368 3188 l.
385 3131 483 3190 Christi
492 3133 660 3206 dignoscendi
671 3143 857 3206 aotn,apernm
870 3135 960 3191 oirttts.
972 3165 1003 3176 -
1019 3133 1053 3190 Et
1063 3151 1106 3190 ac·
1156 3133 1315 3205 coapostoli
1327 3133 1467 3204 jubentur,
1486 3148 1540 3189 aon
1553 3132 1706 3190 admisceri
1716 3133 1839 3191 doctrina
1847 3130 1921 3187 ludat·

303 3235 435 3283 cessemus
447 3226 556 3282 adesam
571 3223 702 3282 Pharisaei
725 3234 749 3282 et
764 3225 905 3284 Sadducaei
919 3236 1054 3295 tentmuea,
1080 3237 1104 3285 et
1118 3224 1141 3290 C
1156 3243 1216 3284 rum
1241 3234 1400 3294 monentnr;
1426 3226 1488 3299 onnia
1511 3227 1577 3299 legis
1589 3240 1676 3298 opera
1703 3227 1736 3284 itt
1756 3229 1867 3285 ellectum
1882 3223 1926 3280 ilai

300 3328 456 3390 repererant
466 3335 535 3386 ιιιιιι,
550 3320 691 3392 utsipnnm
712 3319 745 3374 de
758 3319 822 3375 eaelo
835 3319 889 3374 iilis
903 3320 1057 3389 ostenderet,
1075 3331 1103 3378 et
1156 3332 1183 3379 ct
1196 3323 1224 3378 in
1243 3321 1488 3394 pralormation'em
1511 3337 1599 3380 rerum
1615 3325 1846 3396 consequentium
1859 3318 1928 3376 carah

302 3412 406 3484 reliqua
418 3411 529 3483 thoth.
546 3428 605 3483 stt,
622 3410 660 3486 l).
681 3411 787 3469 Adsunt
800 3413 930 3470 Pharisaei
949 3424 977 3470 et
994 3414 1102 3472 sadan-
1155 3426 1211 3474 tuta
1236 3416 1310 3472 siat:
1326 3415 1404 3488 ntis)
1429 3416 1456 3472 in
1471 3431 1585 3487 qttornm
1611 3423 1742 3488 tempora
1763 3425 1841 3489 atque
1853 3421 1929 3471 statutt

301 3506 352 3562 caei
372 3505 440 3578 legis
468 3505 567 3562 lidneia
593 3504 743 3562 insolentes
766 3505 998 3578 dedignantesque
1019 3521 1103 3580 opera
1155 3508 1255 3568 veritas
1268 3509 1436 3580 contigisset,
1453 3507 1518 3564 nihil
1533 3507 1604 3563 oltra
1628 3509 1659 3564 in
1683 3509 1814 3566 ueritatis
1835 3509 1927 3564 similita-

302 3600 435 3654 virtutum
449 3597 523 3667 lidei,
539 3599 645 3671 signnm
659 3599 765 3656 ostendi
778 3598 831 3654 sibi
845 3600 880 3655 de
902 3599 973 3656 coelo
988 3615 1103 3671 precan·
1154 3601 1217 3657 dinc
1232 3602 1289 3671 spei
1302 3603 1418 3673 positum
1437 3601 1651 3667 arbitrarentur;
1669 3617 1707 3658 nc
1723 3602 1847 3659 doctrina
1863 3598 1930 3656 ani

303 3697 358 3744 tnr.
373 3688 557 3778 Humilitatem
574 3690 601 3744 in
620 3688 731 3747 Citristo
752 3689 842 3745 carnis
857 3698 885 3747 et
896 3692 1019 3760 eorporis
1033 3705 1101 3748 con·
1155 3709 1271 3751 saeorum
1285 3694 1421 3752 Christum
1446 3695 1581 3764 nesciens,
1596 3692 1715 3753 effectus
1730 3697 1854 3754 veriutis
1871 3709 1929 3752 etta-

304 3789 423 3849 tucntes,
437 3780 590 3837 doctrinam
613 3795 647 3837 ex
668 3781 710 3837 lais
724 3797 785 3854 qtae
803 3783 855 3837 sub
877 3780 994 3840 bominis
1008 3783 1102 3841 babitu
1154 3789 1248 3862 gelieas
1263 3799 1458 3860 corrumperet.
1965 3777 1966 3856 ζ

302 3872 418 3945 gerebat
438 3872 618 3945 dedignantur
632 3873 767 3944 accipere.
787 3874 907 3942 Quonim
933 3875 1102 3932 insolentiam
1190 3882 1217 3939 h.
1236 3881 1322 3940 Filiae
1335 3892 1360 3939 et
1372 3881 1440 3939 Deua
1451 3893 1563 3941 eternas
1576 3895 1600 3942 et
1613 3895 1691 3942 natas
1706 3895 1758 3944 est.
1772 3916 1809 3929 -
1826 3887 1932 3942 i'eaitan·

304 3975 332 4022 et
347 3965 506 4022 inanitatem
515 3965 641 4034 irridens,
657 3966 742 4020 molta
752 3980 800 4022 eos
811 3966 845 4022 de
857 3975 953 4024 natura
964 3968 1027 4026 coeli
1037 3983 1104 4027 con·
1155 3983 1206 4029 teat
1218 3973 1296 4031 lesus
1309 3976 1335 4030 ia
1348 3973 1569 4046 partesCmsorec
1584 3976 1717 4050 Philippi,
1737 3991 1767 4036 ee
1786 3979 1932 4047 salmarches

304 4059 392 4133 jiecre
405 4059 495 4117 solere
508 4059 659 4131 respondit,
672 4073 734 4116 eum
755 4059 904 4116 rubicundo
916 4071 964 4118 aut
981 4069 1042 4118 orto
1057 4073 1104 4120 aut
1155 4069 1297 4144 discipulos
1319 4087 1393 4137 anas,
1417 4071 1564 4143 etreliqua
1591 4072 1687 4146 (laid,
1704 4075 1767 4145 ts).
1790 4075 1819 4131 la
1833 4087 1933 4147 pacm

302 4167 418 4226 Vespere
432 4166 558 4209 Sirenum
577 4151 927 4223 nimbffiufflll!llifflssstilffll
940 4151 1036 4229 (lota,
1049 4155 1078 4228 9)
1093 4173 1101 4211 ἱ
1154 4162 1290 4218 sermonis
1304 4173 1385 4234 atque
1398 4165 1488 4235 operis
1503 4164 1655 4221 absolutius
1668 4165 1817 4240 discipulis
1827 4167 1932 4239 segnitia

303 4259 388 4317 porro
399 4253 490 4300 autem
502 4243 627 4316 ignorare
635 4259 684 4300 eos
691 4252 843 4316 temporum
862 4247 938 4318 signa
952 4245 1047 4319 (laid,
1060 4246 1101 4322 h),
1156 4268 1218 4310 nem
1231 4269 1307 4310 satam
1320 4254 1360 4326 (id
1373 4265 1421 4320 eat,
1436 4254 1490 4327 sui)
1514 4265 1634 4326 praestat,
1656 4267 1684 4314 et
1698 4259 1847 4329 qnamdam
1861 4257 1933 4315 inab

305 4352 366 4393 cnm
378 4336 468 4392 onttnis
483 4335 521 4409 (c)
537 4336 579 4392 lex
594 4345 622 4391 ct
637 4337 777 4407 prophete
797 4337 930 4395 adrentus
946 4341 989 4396 sni
1003 4340 1101 4398 indicia
1153 4345 1233 4417 gandi
1245 4360 1275 4402 se
1291 4345 1405 4403 lormnm
1418 4347 1606 4420 rationemque
1618 4351 1776 4407 constitnit.
1802 4352 1853 4408 Est
1866 4361 1931 4408 actm

305 4442 340 4484 ex
353 4441 467 4497 operum
488 4437 669 4500 quaegererct
687 4426 867 4486 admiratione
884 4430 1037 4502 signihocnt
1051 4451 1057 4487 :
1073 4441 1102 4490 ut
1154 4437 1213 4492 ltaec
1232 4451 1296 4493 vera
1312 4446 1340 4494 et
1366 4438 1528 4496 inviolabilis
1553 4439 1629 4506 lidos,
1656 4457 1691 4498 ex
1718 4443 1777 4500 Deo
1800 4445 1932 4502 mention

303 4518 531 4590 quemadmodum
547 4518 626 4577 iidem
646 4521 816 4592 tempestatis
836 4523 898 4580 creti
912 4524 954 4580 acl
974 4525 1100 4583 matutini
1156 4529 1210 4601 (cui
1225 4529 1262 4585 ob
1275 4528 1302 4585 id
1315 4529 1388 4600 qnod
1402 4545 1509 4603 semper
1522 4530 1592 4588 hlius
1617 4531 1710 4602 luerit,
1733 4550 1849 4610 semper
1868 4535 1931 4606 ctist
1965 4533 1966 4604 l

303 4610 347 4667 vel
362 4611 482 4681 vesperis
493 4611 576 4668 robor
587 4611 731 4678 redderet;
748 4613 785 4670 ita
804 4615 975 4672 manifestam
991 4625 1099 4690 tempo·
1112 4621 1140 4684 D
1153 4623 1238 4696 patris
1254 4632 1282 4679 ct
1293 4636 1393 4680 nomen
1409 4625 1459 4689 sit;
1488 4641 1523 4682 ne
1536 4627 1559 4682 si
1583 4641 1637 4683 nou
1658 4643 1771 4699 semper
1796 4631 1875 4696 lilios,
1895 4641 1933 4684 aas

303 4718 365 4762 rum
388 4703 570 4774 cognitionem
595 4706 727 4762 virtutum
752 4716 836 4779 atque
861 4724 974 4782 opernm
1001 4712 1099 4769 indicia
1154 4715 1434 4790 semperetpatersit)
1445 4717 1528 4773 Deum
1538 4715 1622 4774 hlium
1634 4717 1790 4789 prolectam
1805 4716 1938 4786 inissem·
1965 4751 1966 4776 l

303 4793 585 4868 hffiiifedibefflffl·
1153 4809 1189 4865 sit
1197 4824 1232 4866 ox
1245 4809 1396 4866 aeternitate
1406 4811 1524 4882 parentis
1538 4812 1686 4868 aeternitas.
1703 4811 1786 4872 Nasci
1796 4825 1933 4872 autemem

339 4890 367 4944 2.
382 4887 465 4943 lonas
478 4885 574 4942 Christi
584 4887 678 4960 ,sparo
689 4889 786 4948 —Sed
795 4901 871 4949 ortus
881 4909 896 4949 e
906 4895 977 4951 caelo
989 4894 1097 4967 signum
1153 4900 1278 4956 volontas
1292 4901 1353 4972 ejus
1366 4901 1414 4957 luit
1428 4901 1477 4976 (V.
1488 4903 1544 4959 l.m
1559 4905 1591 4960 de
1605 4903 1691 4970 Tria,
1711 4923 1740 4960 ιι.
1756 4908 1812 4978 l),
1834 4905 1933 4977 cajusia
1965 4889 1966 4898 ¹

302 4982 346 5037 bis
364 4988 494 5038 terrestre
514 4979 664 5049 constitnit,
685 4992 715 5037 ut
736 4997 786 5039 eos
808 4983 878 5040 intra
897 4987 1095 5043 contessionem
1153 4971 1932 5072 virtuteacpotestateineantunpascopnapr,&pagoariis

303 5075 610 5144 lrumilitatiscorporeac
621 5075 784 5145 contineret,
796 5077 913 5134 dandam
924 5079 1018 5137 dicens
1030 5081 1098 5140 lona
1153 5087 1201 5144 Dei
1224 5103 1258 5143 ex
1285 5087 1341 5144 lieo
1362 5087 1445 5156 licus,
1469 5091 1579 5146 attusia
1595 5097 1734 5162 utroque:
1751 5093 1792 5168 (9)
1808 5092 1933 5150 tbeotetaa

301 5172 407 5241 signnm
421 5187 429 5226 :
445 5167 511 5227 ilnic
522 5181 552 5222 se
567 5166 696 5223 Dominus
708 5182 856 5242 comparat,
872 5188 952 5243 antem
976 5173 1011 5232 ad
1026 5172 1099 5232 lutu-
1153 5179 1235 5248 eninr,
1250 5185 1330 5252 quant
1343 5177 1577 5268 deitatem'Latini
1591 5191 1763 5256 nuncupant,
1777 5183 1934 5258 uterniw

304 2810 346 2867 he
361 2807 438 2867 dona
458 2810 590 2885 prophetoe
610 2810 695 2884 sipna,
717 2820 741 2864 et
762 2809 794 2864 de
808 2810 933 2881 {mateola
957 2807 1105 2864 Pharisaeo-

339 2920 409 2972 rum,
420 2905 452 2958 de
464 2905 623 2975 confessione
637 2901 712 2958 Petri
724 2911 747 2957 et
762 2901 938 2957 benedictione
952 2900 1068 2971 Domini,
1080 2911 1105 2956 et

340 2997 373 3050 de
387 3012 415 3050 se
428 2995 578 3068 obcaecando
588 2995 633 3066 qai
650 2993 781 3050 Christum
792 2994 864 3064 sequi
878 2993 996 3048 uolneris.

386 5398 416 5455 la
433 5412 484 5454 uas.
500 5397 579 5453 Rom.
592 5398 811 5480 partempattones.
894 5472 901 5484 .
1150 5408 1205 5463 alio
1235 5423 1317 5464 sensu
1333 5426 1340 5462 :
1357 5417 1412 5464 tnm
1435 5411 1530 5466 acatos
1552 5413 1711 5479 conticescit,
1738 5414 1933 5487 suffragantibus

333 5470 373 5556 Ιι)
387 5469 466 5552 Apud
478 5466 540 5552 Par.
556 5485 615 5522 curn
628 5469 744 5524 amathus
759 5470 810 5522 lea.
826 5467 973 5556 llecttus'in
988 5475 1050 5532 aliis
1063 5476 1097 5532 li·
1149 5479 1224 5535 Colla.
1241 5489 1269 5536 et
1282 5479 1362 5537 Caro.
1378 5480 1406 5536 ia
1429 5481 1527 5552 antibns
1550 5483 1648 5551 legitor
1671 5485 1851 5542 conticescet:
1868 5483 1931 5540 raab.

299 5543 365 5605 bars,
380 5556 472 5596 amata.
489 5538 535 5595 Sta
546 5549 574 5595 et
585 5553 645 5611 eap.
658 5539 704 5609 ts,
719 5555 747 5596 a.
759 5539 786 5607 2,
798 5556 860 5611 auto
871 5557 953 5599 οιιιιιιι
964 5545 1007 5601 lea
1017 5563 1097 5620 nsque
1150 5549 1260 5621 Legem.
1277 5559 1306 5608 ut
1320 5560 1382 5621 pate
1404 5553 1516 5622 liguram
1543 5561 1572 5609 et
1586 5555 1726 5625 umbram,
1752 5559 1878 5615 veniente
1898 5569 1932 5608 tc

300 5611 483 5692 adhoaanent.
714 5684 719 5696 Ι
832 5681 884 5699 Η
1148 5623 1352 5694 ritatc,nullapt
1368 5623 1661 5682 esseltiedeclaratur.

319 5755 324 5767 ⁸
337 5683 378 5756 (d)
389 5682 509 5739 ιιιιιιιιιε
519 5695 554 5736 cx
564 5679 627 5737 iat.
637 5682 699 5739 cod.
710 5691 913 5755 incarnandam,-
926 5703 979 5745 non
990 5698 1032 5745 est
1045 5705 1096 5746 au·
1184 5692 1222 5766 lp)
1246 5693 1327 5766 lingis
1340 5693 1472 5750 arrideret
1485 5709 1572 5764 groeca
1586 5713 1638 5752 vox
1650 5699 1763 5759 cauere
1774 5699 1827 5756 nisi
1841 5697 1930 5754 obnite-

300 5753 422 5808 dnendns.
536 5823 541 5834 1
668 5823 710 5838 ..
1148 5771 1270 5821 letentur
1288 5767 1405 5838 antiquae
1426 5765 1560 5823 editiones
1582 5781 1644 5823 eota
1669 5769 1796 5826 omnibus
1810 5785 1874 5824 mss.
1889 5783 1929 5820 tros

335 5823 371 5896 (e)
386 5824 440 5878 Sex
452 5836 518 5878 tnss.
533 5839 560 5878 ιιι
572 5839 600 5878 ae
611 5839 796 5900 remeassoaent,
809 5845 864 5889 aon
879 5831 944 5904 ipse.
1148 5843 1250 5893 tantum
1277 5835 1331 5904 bie,
1357 5837 1406 5894 sed
1428 5838 1510 5894 etiam
1523 5852 1548 5894 c.
1571 5837 1619 5906 aa,
1634 5855 1664 5896 n.
1680 5841 1709 5908 5,
1737 5841 1782 5898 nbi
1809 5842 1929 5896 tamtam

335 5325 378 5546 33
390 5325 568 5384 carnutensis
580 5324 666 5382 codes
679 5339 741 5380 cum
755 5325 833 5383 Culb.
849 5327 962 5399 Spiritn.
1185 5335 1227 5410 (f)
1244 5337 1294 5393 hls.
1309 5337 1390 5394 Rom.
1413 5339 1441 5392 t'a
1454 5355 1562 5407 moreat
1576 5349 1691 5412 tempore
1709 5351 1788 5414 algare
1798 5353 1882 5409 oetcte,
1894 5355 1933 5396 aas
