4042 6342
60 338 119 398 tota
531 324 802 388 COMMENTARIUS
819 324 854 383 lli
871 323 1093 384 battutile.
1110 326 1219 384 llllllll.
1620 329 1693 389 toto

60 467 91 514 est
107 465 202 527 :atque
213 452 291 522 ideo,
304 450 369 524 quis
389 463 443 508 nou
457 458 500 505 est
514 446 641 520 possibile
656 459 686 501 se
699 459 756 500 non
771 441 828 514 pati
848 440 951 508 Abas:
970 441 1011 516 (l)
1024 442 1086 515 quia
1108 443 1162 516 pati
1187 443 1284 500 nisiex
1307 442 1365 516 eius
1386 441 1512 516 passione
1526 456 1581 500 non
1596 457 1692 518 posen·

60 563 98 606 nro
120 531 161 604 lais
181 554 257 618 rogat
280 543 326 616 qui
348 541 455 616 passuri
483 548 587 611 postne
611 545 699 602 erant,
723 532 837 600 dicens,
890 550 961 593 mne.

60 641 168 696 renen
182 638 250 694 atta
262 652 280 690 s
294 651 345 701 ms,
367 633 394 690 id
409 640 462 702 est.
479 629 616 705 quemme
634 642 708 684 ame
722 624 834 690 bibitur.
926 630 971 687 tr.
999 629 1198 702 assemsum
1215 645 1321 686 omnm
1341 637 1366 687 a
1381 631 1460 688 anuo
1472 628 1569 687 curren
1592 629 1693 688 mom-

60 746 83 791 ta
95 733 129 790 ab
141 733 182 789 bis
195 729 313 798 bibatur,
327 729 387 786 sine
399 729 459 801 spei
483 726 652 794 diilrdentia,
672 723 735 789 sine
756 734 839 778 sensu
892 722 975 778 tiones
988 723 1051 796 qnid
1061 723 1219 796 siginificent.
1235 751 1272 766 -
1282 721 1382 779 veram
1401 723 1473 795 quod
1488 723 1584 780 iterum
1600 739 1693 781 rever·

60 828 154 894 loloris,
166 827 223 882 sine
238 833 310 882 metu
326 823 432 880 mortis.
585 823 590 829 ’
890 829 938 872 sus
955 819 1056 890 reperit
1076 816 1259 885 dormientes;
1274 819 1391 875 ostendit
1405 819 1534 875 eluendae
1548 833 1605 876 suae
1624 827 1694 876 tem·

81 923 106 980 8.
127 919 246 977 Petiendi
258 917 377 974 metuunt
390 917 427 972 eis
446 914 558 988 pingius.
579 944 617 956 -
639 909 702 968 ldeo
713 905 840 966 autemsi
892 923 959 982 pore
983 911 1074 979 plnres
1097 911 1214 982 quodam
1238 909 1299 968 lldei
1322 925 1418 970 somno
1439 912 1609 970 detinendos.
1637 914 1693 971 Sed

60 1014 163 1070 nsdbiie
173 1020 230 1078 est,·
245 1009 346 1082 quiaet
359 1006 434 1064 carni
450 1016 478 1062 et
491 1002 615 1068 monuisti
636 1002 734 1059 horum
746 998 839 1073 gravis
892 1015 999 1058 rursum
1013 1005 1119 1071 oravit·,
1136 1003 1208 1060 idem
1220 1005 1347 1074 repetens
1361 1021 1368 1059 :
1384 1019 1576 1078 reversusque,
1593 1006 1639 1078 qui
1649 1007 1692 1062 vi·

60 1122 132 1164 error
145 1116 187 1162 est
201 1146 210 1174 ‚
223 1113 251 1160 et
265 1101 377 1160 dilllcile
390 1109 434 1158 cst
446 1115 541 1157 eorum
557 1097 704 1155 acerbitate
723 1108 839 1162 corpora
891 1093 977 1164 gilare
996 1092 1126 1164 iusserat,
1154 1096 1200 1167 qni
1224 1096 1381 1170 consopitos
1397 1097 1605 1170 objurgaverat,
1629 1100 1691 1170 ait,

60 1193 320 1257 urmanauonviuci.
337 1188 842 1270 monodautcmaitdlonsirat
893 1183 1009 1242 Dauniae
1028 1189 1124 1259 jomet
1142 1189 1341 1264 requiescite&
1370 1189 1430 1263 l5).
1455 1191 1518 1248 Posg
1541 1193 1693 1250 (stapionem

60 1311 89 1366 po
99 1293 165 1363 nolo,
176 1291 221 1348 sui
231 1291 298 1347 sisu
311 1298 341 1345 tu
354 1290 392 1345 sis
406 1289 510 1348 :vellet
520 1286 630 1358 quidem
645 1298 693 1340 eos
704 1298 759 1341 non
772 1282 840 1354 pati,
893 1278 1072 1352 frequentem,
1087 1290 1149 1352 post
1162 1283 1300 1340 discursus
1314 1300 1496 1358 recursusque
1516 1286 1691 1358 multiplices,

61 1401 78 1444 e
89 1385 156 1441 torte
169 1383 196 1439 in
213 1382 341 1456 passione
353 1379 497 1449 diltidant,
512 1379 560 1436 sed
573 1376 772 1436 cohaereditatis
784 1390 841 1434 suae
892 1381 994 1430 metum
1006 1372 1103 1442 demit,
1119 1377 1291 1435 securitatem
1303 1377 1404 1447 reddit,
1417 1379 1444 1434 in
1458 1381 1579 1452 requiem
1593 1377 1694 1438 adhor-

63 1477 155 1534 loriam
179 1475 239 1532 sine
259 1474 394 1547 passionis
414 1472 575 1530 diillcultatc
592 1477 758 1528 mercantur.
781 1467 841 1524 llou
892 1475 978 1536 tatur,
991 1467 1157 1525 voluntatem
1180 1470 1268 1526 Patris
1291 1472 1348 1542 jam
1370 1472 1404 1528 de
1418 1473 1496 1529 nobis
1515 1488 1627 1532 securus
1646 1491 1694 1532 ex-

61 1587 107 1643 rgo
120 1569 159 1643 (a)
174 1579 203 1627 ut
217 1582 271 1625 non
282 1569 417 1640 patiantur
427 1576 522 1638 rogat,
543 1565 657 1632 dicens,
674 1560 737 1618 Non
747 1571 776 1617 st
795 1578 841 1635 epo
891 1567 1005 1632 spectat,
1022 1560 1133 1628 dicens,
1151 1560 1213 1617 Fiat
1223 1565 1341 1620 noluntas
1356 1574 1401 1621 tun
1416 1582 1426 1621 .·
1439 1567 1501 1638 qnia
1515 1568 1694 1626 transiturum

60 1662 176 1720 oio:sed
198 1670 238 1730 ut,
252 1659 301 1726 ait,
315 1660 386 1730 quod
398 1659 479 1715 Pater
489 1657 561 1723 rult,
583 1653 693 1712 bibendi
705 1652 799 1709 calicis
812 1652 841 1709 in
892 1653 920 1710 in
935 1668 985 1711 nos
998 1654 1109 1710 calicem
1130 1655 1237 1724 bibens,
1253 1658 1693 1732 infirmitatemcorporisnostri,
1791 1645 1795 1656 ¹

60 1773 90 1814 os
103 1772 134 1814 ex
149 1769 179 1811 sc
194 1762 314 1810 transeat
330 1751 468 1808 hrnnitudo
482 1769 490 1808 ε
502 1750 564 1822 qnia
586 1764 620 1805 ex
632 1749 771 1805 voluntate
781 1745 841 1817 eius
893 1753 921 1801 et
930 1746 1036 1804 timoris
1050 1747 1272 1816 solticitudinem,
1297 1759 1324 1807 et
1339 1751 1427 1823 ipsum
1451 1753 1573 1810 dolorem
1597 1758 1694 1812 mortis

61 1866 95 1906 on
106 1857 157 1905 tam
167 1863 216 1920 pcr
226 1845 363 1903 Christum
373 1843 411 1919 (i)
421 1843 493 1901 vinci
505 1841 654 1908 diabolum,
666 1835 748 1912 qnam
757 1838 840 1895 ctiam
854 1845 880 1907 Β
892 1839 1059 1896 absumeret.
1067 1840 1145 1908 Quod
1155 1851 1246 1899 antem
1255 1842 1288 1898 ad
1296 1858 1344 1900 eos
1351 1853 1500 1916 revertens,
1511 1846 1696 1904 dormientes·

60 1959 89 2000 cr
98 1944 156 2014 eius
166 1940 316 2012 discipulos
325 1938 478 2010 oportebat.
890 1945 944 2003 que
956 1929 1040 2004 OM
1053 1933 1204 2003 repetiens,
1219 1935 1334 2004 primum
1356 1951 1482 1994 reversus
1495 1938 1635 2011 objurgat,
1650 1955 1697 1997 se-

75 2038 102 2093 b.
124 2035 211 2091 ileum
231 2033 326 2089 Christi
343 2048 433 2099 cnseo,
454 2028 592 2100 infirmitas
604 2037 701 2086 nosne.
717 2057 754 2070 —
773 2025 839 2082 Post
890 2024 980 2080 cundo
990 2024 1064 2093 silet,
1075 2025 1156 2082 tertio
1164 2025 1305 2097 quiescere
1314 2027 1409 2100 iubet:
1425 2029 1494 2086 ratio
1503 2031 1553 2088 ista
1560 2041 1610 2100 est,
1620 2032 1696 2104 quod

60 2144 98 2185 nn
110 2128 144 2184 ad
158 2126 306 2200 discipulos
320 2124 400 2192 redit,
414 2132 442 2181 et
456 2121 623 2180 dormientes
636 2118 815 2192 deprehendit
830 2137 837 2177 :
893 2117 1009 2187 primum
1035 2125 1097 2187 post
1108 2119 1336 2176 resurrectionem
1352 2120 1491 2193 dispersos
1512 2137 1560 2179 eos
1574 2131 1602 2178 et
1620 2122 1695 2180 diiii-

60 2222 191 2278 tl'esrum
203 2219 326 2292 coarguit
346 2233 397 2275 cur
416 2232 510 2274 seeum
525 2231 579 2272 una
594 2214 689 2271 saitem
704 2213 771 2270 hora
786 2226 840 2269 non
890 2210 985 2267 dentes
998 2225 1031 2266 ac
1051 2210 1172 2283 trepidos
1186 2211 1225 2285 (p)
1246 2212 1431 2283 reprehendet
1446 2235 1454 2271 a
1475 2214 1595 2272 secundo
1608 2217 1694 2273 misso

60 2317 74 2387 ·)
102 2314 198 2387 vigilet
217 2315 227 2387 i
237 2314 324 2388 W)-
343 2311 453 2370 Petrum
474 2311 536 2368 ideo
547 2326 581 2369 ex
595 2310 689 2380 trihus,
706 2310 768 2382 quia
783 2322 840 2381 prae
891 2305 993 2377 Spiritu
1007 2305 1155 2377 paracleto,
1172 2308 1291 2379 gravatis
1303 2308 1337 2365 ad
1358 2310 1541 2366 contuendam
1555 2309 1697 2384 Evangelii

60 2409 143 2464 eteris
156 2421 256 2463 nonse
268 2404 514 2463 scandalizaturum
532 2403 620 2462 inerat
633 2402 774 2476 gloriatus.
786 2400 839 2460 Su·
891 2403 1044 2460 libertatem
1069 2404 1175 2472 oculis,
1201 2406 1331 2463 visitabit.
1356 2406 1422 2462 llam
1448 2407 1604 2479 aliquandiu
1626 2409 1696 2481 legis

60 2501 151 2558 erioris
176 2510 269 2557 antem
292 2509 381 2558 metus
402 2499 445 2555 sui
469 2497 570 2556 indicat
589 2511 701 2567 causas,
724 2495 839 2564 dicens,
888 2497 1115 2567 amoredetenti,
1139 2498 1255 2570 quodam
1271 2497 1334 2556 lidei
1362 2513 1457 2556 somrto
1471 2499 1596 2571 occupati
1617 2510 1693 2556 sunt.

61 2605 115 2650 rate
130 2612 164 2650 ue
176 2595 280 2650 intretis
299 2595 327 2650 in
346 2594 511 2649 tentationem
523 2591 561 2667 (p
584 2591 641 2665 ll).
654 2590 779 2647 llocerat
791 2588 842 2661 igi·
890 2589 984 2647 'lertio
998 2607 1084 2660 vero,
1100 2592 1127 2648 id
1141 2602 1183 2650 est
1197 2591 1328 2651 claritatis
1351 2607 1408 2650 snas
1424 2593 1531 2662 reditu,
1554 2595 1696 2653 securitati

62 2703 75 2744 r
97 2685 173 2758 qnod
193 2685 321 2754 volebam
338 2694 371 2762 et
398 2684 459 2741 ideo
483 2684 511 2740 in
533 2682 657 2740 oratione
673 2679 839 2748 tradiderat,
890 2699 939 2744 eos
951 2686 1089 2760 quietique
1102 2687 1235 2746 restituet,
1579 2700 1583 2706 ¹

60 2797 92 2837 nn
107 2780 226 2837 inducas
240 2795 291 2837 nos
305 2781 332 2836 in
355 2778 540 2846 tentationem,
563 2776 674 2850 nequid
688 2777 715 2832 in
729 2789 780 2832 nos
794 2775 839 2832 in·
1166 2779 1280 2840 caput
1295 2781 1405 2840 xxltll.

60 2875 155 2931 mitati
165 2871 485 2948 carnisliceretlllnttlr.
501 2889 546 2939 u,
566 2873 622 2944 lb).
637 2871 792 2928 Conantem
806 2884 841 2927 ne
890 2870 1023 2941 Deinde,
1038 2875 1082 2944 qui
1092 2883 1146 2929 mut
1161 2889 1227 2930 unus
1237 2873 1414 2932 deduodecim
1426 2876 1697 2949 discipulis‚oenieute

71 2968 257 3025 tentationem
271 2968 395 3024 venirent
408 2982 488 3024 orare
501 2982 550 3024 eos
572 2965 770 3035 admonuisset,
793 2979 839 3021 os·
926 2967 960 3023 nd
973 2965 1065 3023 lesum
1075 2985 1132 3023 aaut
1144 2968 1255 3040 plurimo
1265 2970 1340 3024 ιιοίο
1350 2979 1378 3024 οι
1388 2985 1446 3026 eum
1456 2973 1567 3027 truderet
1576 2972 1624 3037 ,uie
1634 2973 1697 3046 qia·

60 3060 115 3116 odit
129 3059 252 3128 dicens,
266 3059 383 3132 Spiritus
399 3060 503 3134 quidem
515 3069 661 3134 promptus,
678 3076 740 3116 coro
754 3068 840 3116 antem
926 3061 971 3116 aiio
980 3077 1056 3132 pem
1079 3061 1155 3130 iussit
1167 3059 1247 3117 Petro
1256 3071 1401 3118 concutere
1412 3063 1439 3118 in
1454 3063 1539 3119 iocum
1551 3080 1636 3119 suum.

60 3155 146 3222 irum,
162 3170 221 3211 nou
245 3154 338 3227 utique
351 3155 386 3212 de
403 3169 434 3211 ee
450 3173 458 3211 a
472 3154 506 3210 atl
528 3169 577 3211 eos
596 3156 670 3212 euim
692 3154 737 3211 bic
750 3167 840 3210 sermo
926 3154 953 3210 l.
971 3151 1004 3208 ln
1018 3153 1149 3210 Christum
1171 3154 1247 3210 uuile
1272 3164 1383 3228 potestus
1395 3155 1446 3210 nisi
1456 3172 1532 3227 quant
1546 3157 1697 3212 dederit-
1802 3189 1805 3194 ,

60 3261 186 3303 uversus
200 3255 255 3303 est.
281 3249 335 3302 Aut
361 3247 497 3318 quomodo
521 3263 594 3304 nvrnc
619 3247 654 3308 dc
675 3261 705 3303 se
729 3239 876 3317 spiritusG
893 3245 927 3303 Et
939 3247 1026 3302 adhuc
1051 3263 1081 3304 eo
1100 3247 1217 3319 loquente
1226 3245 1267 3322 (ir)
1280 3264 1336 3304 eece
1348 3247 1434 3302 ludas
1456 3265 1523 3304 enus
1540 3249 1572 3304 de
1592 3249 1695 3306 duode-

61 3351 193 3412 omptus,
219 3340 245 3396 si
269 3342 393 3413 superius
417 3342 503 3400 tristis
516 3350 560 3398 est
580 3341 672 3398 anima
699 3354 784 3411 usque
807 3338 842 3395 sd
893 3343 943 3398 eins
955 3341 1067 3410 seniqet
1086 3357 1144 3395 cum
1163 3357 1194 3396 eo
1213 3341 1411 3414 piurimcturin
1425 3340 1632 3415 (llattlv.,nxv1,
1644 3345 1697 3402 47-

60 3433 176 3492 ›rtemi
197 3432 255 3490 Sed
269 3432 372 3505 vigilari
388 3436 510 3506 praecipit
521 3444 550 3492 et
564 3433 649 3500 orari,
664 3447 699 3488 ue
712 3431 740 3488 in
754 3440 842 3489 tenta·
892 3435 950 3507 iii).
964 3432 993 3489 ln
1008 3431 1051 3489 his
1064 3432 1189 3490 omnihus
1204 3434 1338 3506 passionis
1346 3443 1388 3490 est
1403 3434 1481 3490 ordo.
1496 3435 1549 3492 Sed
1559 3437 1586 3492 in
1597 3438 1696 3495 osculo

63 3543 132 3584 nem
145 3525 282 3593 incidant,
296 3543 331 3585 ne
344 3528 491 3585 infirmitati
506 3527 628 3598 corporis
642 3524 841 3583 succumbant:
887 3525 969 3584 'iudae
990 3525 1049 3582 hac
1075 3525 1126 3581 luit
1145 3524 1176 3599 (i)
1205 3529 1274 3582 ratio
1299 3543 1306 3580 :
1328 3535 1357 3582 ut
1380 3527 1541 3584 doceremur
1568 3529 1697 3587 inimicos

63 3619 180 3677 idcirco
196 3617 222 3675 si
236 3619 365 3690 possibile
375 3630 418 3678 cst
429 3630 460 3678 ut
472 3637 489 3677 a
502 3629 665 3678 setranseat
680 3619 750 3676 calix
762 3627 840 3687 orat,
892 3637 998 3691 omnes,
1021 3637 1122 3694 eosque
1146 3637 1215 3694 quos
1236 3622 1368 3680 sciremus
1386 3622 1565 3680 desaevituros
1591 3623 1618 3680 in
1641 3638 1695 3680 nos

60 3715 85 3769 ia
100 3711 225 3769 bibendi
240 3713 299 3783 ejus
314 3728 379 3770 caro
388 3715 477 3770 omnis
487 3712 593 3770 inllrmi
608 3713 654 3769 sit.
891 3731 963 3785 esse,
977 3714 1101 3786 diligere.
1115 3714 1243 3772 Osculum
1258 3715 1330 3771 euim
1350 3715 1409 3786 ejus
1423 3715 1553 3773 Dominus
1575 3731 1629 3772 non
1646 3732 1696 3774 re·

60 3808 106 3865 lli.
139 3806 244 3862 Passio
258 3804 355 3861 Christi
368 3808 487 3862 uirtutem
500 3807 573 3862 nobis
593 3805 701 3862 corrtsiit
714 3802 839 3878 patiendi.
892 3811 974 3883 spuit.
990 3808 1068 3879 Quod
1080 3818 1170 3865 autern
1186 3810 1223 3864 ait
1234 3807 1321 3879 ivvdae,
1333 3814 1377 3883 sne
1388 3810 1458 3882 quod
1471 3811 1535 3882 sads
1555 3809 1592 3886 (j)
1609 3812 1696 3868 tradi.

67 3901 202 3956 Rursum
220 3910 286 3952 lew
305 3896 449 3952 discedens
461 3897 565 3963 miii·
578 3896 683 3962 dicens,
695 3893 784 3963 PM·
800 3891 841 3967 (d)
893 3905 974 3960 tionis
997 3919 1055 3960 suae
1078 3906 1243 3974 potestatem
1267 3904 1318 3960 sub
1340 3903 1415 3960 verbi
1441 3902 1521 3974 hvrjns
1533 3903 1694 3963 conditione

61 4003 179 4066 spesest
190 3988 308 4046 transire
324 3987 451 4043 solidiue
463 3987 514 4042 ttt‘si
525 3987 600 4043 t'ilttm
614 3988 697 4042 iiiam
710 3987 723 4040 ?
736 3987 782 4056 pat
792 4000 839 4039 ιθ·
893 3994 1035 4066 permittit.
1051 3992 1177 4064 Numqui
1199 3993 1269 4064 juris
1284 3994 1325 4048 sni
1340 3993 1456 4049 habehat
1473 3993 1618 4050 adversum
1635 4005 1692 4053 tra-

61 4098 109 4144 tas
123 4099 178 4144 tua
193 4082 294 4159 (late,
304 4082 363 4155 62).
379 4080 501 4137 Passeris
513 4078 653 4150 discipulis
662 4091 711 4150 per
718 4077 842 4148 lidcijtts·
892 4087 993 4144 ditores
1015 4087 1147 4144 advocare
1170 4083 1208 4160 (lt)
1229 4086 1370 4143 duodecim
1389 4084 1471 4142 millia
1485 4087 1622 4160 legionum
1641 4105 1691 4146 an-

60 4186 226 4249 cationcm,
241 4195 349 4237 ornnem
369 4180 397 4235 iu
418 4193 448 4234 sc
457 4177 580 4250 corporis
593 4177 679 4233 nostri
699 4175 841 4231 inllrnrita-
891 4182 1027 4255 gelorum,
1040 4180 1120 4252 longe
1140 4179 1246 4236 facilius
1261 4179 1340 4236 unius
1357 4178 1475 4235 bominis
1486 4188 1514 4236 et
1527 4178 1650 4236 consiliis
1663 4193 1694 4238 et

60 4271 256 4346 nassump'sit
276 4290 283 4328 :
307 4272 434 4344 crucique
461 4285 553 4328 secum
578 4271 703 4326 universa
725 4284 757 4327 ca
781 4269 842 4341 qui·
891 4272 1137 4346 artibnspotuisset
1152 4272 1338 4346 occurrereq'i
1353 4270 1694 4347 55).lieniquePilatoait:

60 4388 69 4428 s
94 4371 139 4444 (e)
166 4365 377 4424 infirmabamur
400 4363 497 4420 amrin
525 4361 588 4420 ideo
607 4371 719 4436 peccata
746 4371 841 4420 nostra
893 4365 1114 4423 Nonhnbercsin
1128 4363 1471 4437 saeptorumsaeptorun
1486 4365 1605 4420 tihieaaet
1621 4363 1695 4439 (iob.

60 4473 128 4530 vat,
144 4472 177 4516 ct
195 4461 337 4530 pronubis
350 4458 442 4517 dobt:
458 4458 520 4530 quia
535 4457 596 4515 dvlci
612 4458 640 4513 in
660 4457 738 4515 nohis
748 4457 841 4514 calore
893 4477 953 4528 xrs,
969 4460 1026 4534 ll).
1042 4460 1092 4517 liat
1105 4461 1186 4533 igitur
1201 4460 1228 4516 in
1255 4475 1285 4516 sc
1310 4468 1471 4530 potestatem
1491 4461 1621 4518 dicendo:
1632 4461 1691 4522 Fue

61 4565 169 4623 vente,
189 4568 254 4610 cum
267 4554 410 4613 adversum
421 4553 557 4610 diabolum
578 4552 710 4625 passionis
723 4553 842 4610 bellosit
890 4553 960 4626 quod
975 4555 1040 4627 [aeis
1062 4553 1153 4629 (loun.
1179 4553 1239 4620 xrrr',
1259 4551 1306 4626 27)
1323 4553 1449 4610 :scilicet
1473 4553 1535 4625 quia
1547 4557 1695 4613 voluntatis

60 4647 258 4716 tonandum,
274 4663 370 4706 omnes
387 4645 601 4703 imbecillitatum
617 4652 771 4701 nostrarum
785 4644 836 4702 do·
894 4647 998 4703 erimcn
1015 4645 1138 4719 proiecti
1154 4655 1283 4720 pensatur
1297 4645 1410 4716 invidia,
1424 4661 1454 4702 re
1467 4658 1608 4720 perageret
1619 4649 1693 4720 quod
1722 4634 1726 4639 ⁸

60 4761 90 4802 as
104 4758 180 4799 cunt
197 4755 314 4814 corpore
328 4743 386 4813 ejus
414 4750 442 4798 et
467 4739 592 4811 passione
614 4738 775 4796 moriuntur.
805 4739 840 4796 lit
892 4738 1069 4814 voluntate(l)
1084 4741 1139 4811 jam
1153 4739 1262 4796 laceret.

60 4834 233 4895 otrausire
256 4834 291 4890 ab
309 4849 343 4892 eo
359 4835 428 4892 calix
448 4848 502 4890 non
516 4839 615 4905 potest,
639 4831 693 4888 nisi
712 4830 789 4890 illum
799 4831 841 4889 bi·
929 4833 958 4890 Ξ.
972 4832 1023 4901 Qui
1032 4833 1119 4907 gladio
1138 4844 1212 4890 utens
1234 4834 1323 4906 gladio
1340 4833 1440 4908 peribit.
1454 4859 1491 4875 --
1507 4830 1580 4890 llum
1605 4841 1690 4891 nutem

60 4956 94 5032 a)
131 4952 212 5010 Mss.
237 4949 336 5015 Rom..
358 4951 436 5006 Colb.
451 4951 573 5007 ctCarn.
589 4965 642 5004 nou
661 4957 690 5004 st
716 4948 839 5030 potietur.
893 4949 1342 5023 sionenonporssnsus:minusad
1356 4964 1426 5005 rem.
1526 5018 1531 5028 Ι
1568 5017 1575 5029 ·

63 5072 72 5085 .
94 5036 131 5083 ut
147 5037 212 5078 nou
226 5023 349 5093 patiatur.
369 5020 569 5078 Praicrendum
583 5020 689 5076 videtur
701 5036 762 5077 curn
780 5021 841 5076 alvis
929 5020 966 5092 (p)
976 5021 1015 5076 lta
1035 5037 1086 5077 vrrs.
1097 5021 1178 5078 carn
1193 5036 1254 5076 cnm
1273 5020 1352 5078 Colh.
1364 5020 1418 5077 alit
1434 5033 1500 5077 vero
1514 5017 1587 5087 lrbrt,
1603 5017 1695 5092 depre-

62 5105 113 5164 ῆς,
134 5105 170 5150 ut
184 5110 240 5148 non
251 5097 381 5163 pertimetur
396 5107 478 5148 :cum
494 5109 546 5149 non
560 5091 676 5163 amplius
688 5093 722 5148 de
732 5090 842 5148 Christo
894 5091 992 5157 iendis,
1003 5100 1031 5148 et
1041 5106 1115 5148 mov.
1126 5089 1246 5148 uisitauit.

61 5190 112 5228 mo
127 5169 194 5227 sit,
214 5165 262 5221 sed
273 5162 308 5219 tle
323 5164 391 5219 disci
410 5163 477 5231 niis,
491 5178 635 5233 quoscum
649 5163 715 5218 nolit
731 5159 840 5218 Patere
942 5161 971 5237 h)
985 5162 1203 5236 adjecimuseece
1219 5165 1379 5221 auctoritate
1393 5178 1458 5220 mss.
1502 5219 1505 5224 .

60 5246 159 5302 sione
176 5238 299 5302 liberos,
311 5235 351 5290 eis
363 5179 458 5290 cartem
472 5235 551 5291 tribui
564 5234 688 5290 Christus
701 5241 789 5306 rogat,
810 5242 841 5290 nt
894 5294 898 5300 ,
940 5236 960 5306 i)
976 5236 1035 5291 l‘ar.
1057 5251 1118 5292 cum
1134 5249 1202 5292 rnss.
1215 5235 1291 5293 Colb.
1306 5235 1388 5292 (iarn
1412 5242 1441 5291 et
1452 5233 1545 5300 Rom..
1566 5233 1621 5289 bae
1640 5233 1692 5305 suit

60 5313 209 5372 iussione
223 5308 307 5364 iortes
317 5304 370 5361 sint
381 5313 461 5374 atquc
473 5315 637 5362 constantes.
892 5307 1008 5364 gaggi,

60 5389 88 5457 ⁵)
111 5387 149 5440 ¹⁰
168 5393 226 5436 ⁸⁰¹
239 5391 306 5435 ¹⁰⁵⁸·
322 5379 347 5432 ”⁵
360 5377 447 5432 ”mii
460 5376 729 5434 ²b¹¹¹¹i¹iii⁰⁰ttllt5·
932 5377 967 5453 θ’)
986 5375 1110 5435 ΕιΙῐιὶΙιίο
1121 5376 1266 5448 subjiciunt
1280 5378 1331 5432 cito
1342 5393 1352 5432 .·
1364 5373 1558 5446 refragantibus
1573 5389 1639 5432 rnss.

60 5459 86 5584 τ)
110 5455 231 5513 Plures
243 5463 309 5515 nass.
328 5464 379 5503 non
393 5447 507 5530 vigilent.
932 5449 973 5522 ils)
995 5448 1134 5521 liditiplns
1147 5465 1224 5522 quam
1242 5448 1377 5504 duodecim
1398 5448 1508 5530 iepiqnes
1531 5447 1691 5518 angelomum.

74 5519 647 5604 pllicespuasimussianctoritatetrium
656 5533 843 5602 msscumea-
897 5520 1050 5605 hbestpius
1059 5517 1695 5604 quamtabomnibnsmss.lntrnbvrsesstat‚duo-

60 5623 66 5658 r
80 5591 401 5675 particulacuam,lrb.
413 5588 600 5675 xde‘l'rrmn.
613 5593 658 5659 ai,
673 5591 840 5674 absitamss.
898 5592 981 5648 decsm
998 5590 1081 5646 parlim
1091 5591 1210 5674 legiones.
1225 5591 1290 5676 iltde
1303 5597 1380 5645 tract.
1398 5605 1439 5658 ps.
1452 5603 1506 5672 mv,
1522 5605 1554 5674 n·
1563 5588 1590 5645 6.
1616 5659 1632 5672 ..
1674 5660 1680 5672 .

60 5676 84 5747 ς)
125 5670 194 5726 his.
218 5663 299 5719 honr.
313 5660 503 5732 comprobatus.
519 5661 572 5717 atu
586 5678 651 5727 sex,
672 5662 842 5744 infirmamus.
933 5665 968 5748 ⁸(l)
991 5663 1019 5719 lu
1036 5661 1296 5734 nunnamenster
1309 5664 1403 5744 feceret
1416 5677 1426 5715 :
1437 5667 1534 5716 rectius
1548 5677 1579 5742 m·
1588 5659 1649 5742 alus
1662 5659 1695 5716 lt-

60 5727 847 5877 {luditilla2⁹u÷l·llaliolblil²,lt
899 5729 1440 5874 tantustantus}“⁰⁰⁶³³¹¹*
1456 5729 1544 5788 ‘³⁰⁰¹‘
1558 5730 1695 5801 ⁵¹⁸“¹¹¹⁰²'
