4042 6342
192 248 197 255 ’
247 271 256 288 ·
308 279 365 342 999
406 234 410 243 ’
778 240 784 248 ’
897 267 1021 331 suurn
1039 265 1171 330 999999
1193 269 1349 332 99999999
1898 278 1943 333 999

350 395 379 453 8.
394 394 451 453 Les
464 393 617 468 9999919919
626 407 657 448 99
666 389 795 463 9999991919
808 389 958 446 99199991.-
971 387 1024 446 Sed
1036 401 1117 460 9999-
1132 389 1296 464 Ajubctque
1320 389 1451 464 999919199
1469 399 1497 449 91
1520 393 1563 451 999
1588 407 1683 450 mam
1705 391 1818 450 9999999.
1840 389 1943 466 1199999

313 484 507 545 999919999999
521 485 685 556 sipnlbcatus
695 490 739 540 cst
750 481 881 538 loannem
894 479 966 538 uelle
978 480 1114 548 occidere,
1165 483 1324 556 ignorabat,
1335 500 1388 543 999
1402 501 1463 544 esse
1474 485 1547 559 quod
1557 485 1617 544 dari
1628 496 1744 560 possen
1755 495 1787 543 et
1796 484 1943 542 humanatur
1957 507 1958 510 ¹

312 589 342 638 et
356 588 431 638 99919
445 577 538 651 populi
554 576 710 644 demorari,
725 574 790 648 quia
801 578 872 633 sicut
885 573 1017 647 prupbeta
1030 573 1115 629 99999·
1165 580 1296 636 mentium
1311 579 1417 639 interna
1427 583 1616 654 conspiciens,
1629 581 1748 639 mudum
1763 581 1874 653 repositi
1888 597 1945 652 penes

313 673 394 730 batur
410 671 517 746 9119199.
534 687 590 740 999,
606 669 646 745 5).
660 669 737 728 Nunc
748 683 814 726 9999
824 669 907 741 petita
921 668 1006 741 ipsius
1028 681 1113 733 nece.
1166 673 1305 746 apostolos
1317 675 1372 732 cibi
1385 677 1542 736 nesciebat!
1557 675 1613 736 Sed
1627 675 1794 736 9999999999
1806 681 1889 748 typica
1900 681 1945 736 nit

316 782 378 826 cum
405 766 556 839 presertim
583 765 714 838 99999999
738 762 903 820 sacramenti
931 760 1115 826 detineretur,
1166 767 1560 840 expttoenqfflqondumenqm
1570 785 1742 829 concessum
1759 769 1943 840 ,9059099999

316 857 456 932 quomodo
468 857 555 915 tristis
566 856 683 914 ellicitur
697 854 779 927 (ibid.
794 853 842 926 llll
854 852 1030 910 Contrarium
1042 851 1117 908 9999·
1166 859 1200 917 sd
1211 861 1273 918 viee
1284 871 1392 920 aetefnae
1401 864 1510 933 einum,
1525 864 1671 924 coetestem
1686 878 1794 936 panem
1804 863 1944 933 9991999999

314 953 452 1021 9999999,
467 960 530 1008 9999
544 950 748 1022 999999199999,
759 963 833 1005 99999
846 947 919 1004 99119
933 965 942 1005 c
955 955 983 1003 et
997 959 1116 1019 99999999
1167 953 1335 1012 ministrare.
1351 955 1471 1026 erurum
1490 957 1638 1030 responsio
1660 958 1698 1014 ati
1721 955 1858 1029 spiritalis
1876 955 1943 1012 9999

315 1046 443 1104 molestia
457 1046 587 1106 9999999999
602 1061 656 1103 999
671 1043 799 1117 convenit
813 1041 957 1100 voluntati.
972 1035 1073 1097 ilerum
1089 1040 1117 1095 99
1168 1047 1266 1118 genite
1278 1047 1403 1104 ordinem
1414 1047 1510 1106 reneio,
1525 1047 1607 1106 solos
1618 1047 1694 1106 enim
1715 1062 1749 1105 se
1764 1047 1943 1120 quinquenne

314 1141 502 1214 superioribus
515 1151 600 1215 999199
622 1141 661 1198 999
674 1140 741 1197 9999
753 1147 813 1206 est,
828 1139 855 1195 in
876 1137 919 1194 9999
938 1144 1029 1193 autem
1044 1148 1118 1192 9999
1168 1147 1196 1194 99
1210 1136 1279 1194 9999
1290 1139 1379 1212 pisces
1396 1139 1597 1213 responderunt
1611 1141 1721 1199 babere
1733 1139 1823 1214 (11999.
1839 1139 1878 1211 li)
1888 1159 1894 1194 :
1904 1142 1942 1210 999

316 1237 424 1306 speeies
436 1248 527 1292 causac
540 1232 733 1304 consequentis
743 1232 900 1304 erpuuitur.
914 1229 1034 1288 Gloriam
1050 1227 1118 1301 19919
1169 1229 1258 1288 99999
1269 1231 1320 1288 sub
1333 1233 1453 1306 quinque
1468 1235 1594 1308 99991999,
1609 1235 1658 1309 (9),
1674 1233 1786 1300 idest,
1810 1232 1910 1305 quiaque
1924 1235 1942 1289 l-

315 1329 446 1402 ruiuptas
458 1343 492 1386 ex
508 1325 910 1398 99999199199919999999999.
932 1323 986 1382 Sed
1003 1322 1119 1395 9999199
1169 1323 1225 1382 bris
1241 1325 1307 1397 lepis
1317 1328 1538 1395 continebantur,
1551 1337 1579 1385 et
1590 1329 1714 1400 piscium
1727 1327 1862 1391 durorum.
1873 1325 1939 1393 9199,

318 1421 383 1480 boni
396 1421 456 1494 ejus
470 1420 544 1494 quod
565 1418 894 1494 991999999199999999,
916 1415 956 1490 (9)
973 1413 1119 1488 9919919199
1171 1418 1364 1490 propbetarum
1381 1430 1409 1477 et
1428 1420 1542 1478 99999999
1564 1411 1816 1492 predicationibus
1829 1419 1938 1475 99999999.

318 1514 520 1574 conditionibus
535 1531 589 1573 nun
606 1515 667 1572 9999
677 1515 768 1586 aliquo
782 1512 851 1570 certi
873 1509 987 1584 periculi
1007 1509 1049 1565 999
1071 1507 1121 1564 99·
1171 1509 1809 1587 99999999999999919999,1999999999999
1825 1521 1875 1568 erat
1890 1513 1937 1568 ria:

319 1609 379 1668 1999
395 1607 583 1684 (99999999.
608 1609 720 1680 scitque
738 1621 768 1664 se
793 1605 830 1679 (c)
856 1604 901 1660 tali
921 1609 1120 1676 praeceptorum
1171 1605 1428 1677 praedicatioautem
1443 1608 1555 1666 loannis
1579 1619 1608 1666 99
1636 1607 1884 1680 prophetanimus
1901 1609 1936 1664 ru·

319 1702 407 1774 gloria
422 1717 476 1759 nun
494 1704 649 1774 oportuisse
662 1698 815 1758 concedere
833 1697 903 1755 :sed
918 1697 1037 1770 precatis
1053 1705 1122 1752 tam-
1172 1705 1229 1756 tute
1243 1713 1340 1772 aque,
1356 1700 1419 1758 ritu
1444 1701 1572 1758 bumanre
1598 1717 1683 1773 spem
1714 1699 1875 1758 coniurebat.
1892 1700 1934 1756 liat

320 1810 403 1866 quam
417 1801 591 1852 sacramento
602 1805 725 1861 coactus,
737 1801 764 1849 et
777 1790 928 1863 principum
940 1787 1121 1862 adiacentium
1134 1793 1160 1858 Β
1173 1789 1255 1864 igliur
1265 1793 1381 1864 primum
1392 1835 1400 1862 ‚
1412 1794 1475 1866 quia
1485 1796 1511 1851 in
1525 1794 1568 1852 lris
1578 1795 1674 1851 adbuc
1686 1801 1778 1851 erant
1788 1836 1797 1862 ,
1809 1793 1890 1864 999999
1896 1794 1931 1850 99·

322 1894 397 1946 meta
423 1897 507 1961 atque
532 1888 658 1962 exemplu
679 1887 843 1960 9999999999
857 1885 1005 1951 99999999,
1032 1881 1124 1940 911999-
1175 1888 1316 1945 tulerunt:
1336 1886 1384 1944 sed
1409 1903 1443 1945 er
1465 1887 1509 1945 bis
1533 1887 1754 1962 evangeiiorum
1779 1885 1921 1958 preliatum

319 1980 378 2039 bris
391 1981 540 2054 voluptatis
558 1981 641 2038 etiam
654 1987 768 2037 moestus
786 1978 967 2050 obtemperat.
982 1975 1068 2048 999199
1080 1973 1122 2032 in·
1175 1979 1296 2052 proiecta
1310 1989 1488 2049 monstretur,
1512 1990 1541 2038 et
1564 1980 1608 2036 his
1632 1979 1800 2052 uriginibus
1820 1977 1925 2033 99999999

323 2079 366 2130 999
378 2073 481 2146 reliqua
498 2072 622 2131 dissoluti
635 2072 727 2148 pupuli
739 2070 849 2144 gaudia,
868 2072 895 2128 in
906 2070 984 2128 disco
1009 2069 1123 2127 loannis
1174 2073 1305 2145 maiorem
1317 2073 1424 2129 uirtutis
1438 2087 1496 2130 sum
1510 2063 1716 2128 abundantiam
1732 2072 1840 2128 crescit.

322 2177 407 2241 caput
428 2164 701 2241 91199999(1999.11)
721 2163 972 2233 ;99999999919999
994 2163 1124 2236 legisvo-
1212 2163 1732 2225 11.91999919999999999999999990999
1757 2165 1846 2221 999999
1857 2165 1932 2234 optule

323 2258 414 2331 'diplas
425 2274 570 2332 corporum
590 2267 618 2316 el
632 2257 772 2315 baecllldils
790 2257 869 2314 lllxils
891 2264 1006 2328 atigetur
1021 2271 1028 2308 1
1044 2261 1072 2312 el
1087 2255 1123 2310 lia
1176 2279 1265 2336 papea,
1289 2260 1444 2334 §.flucae
1453 2261 1665 2334 quinquemillia
1677 2261 1745 2317 inde
1758 2268 1931 2315 mmmmm

324 2367 375 2424 per
393 2351 510 2424 puellam
534 2351 569 2408 99
589 2360 704 2409 matrem
718 2349 850 2408 delcrtur.
865 2352 907 2406 Ac
920 2347 961 2404 sie
976 2347 1125 2418 probrosus
1174 2355 1425 2428 (semermemque
1438 2365 1606 2412 9999999999),
1621 2384 1662 2397 .-.
1677 2353 1811 2425 Aesepus
1831 2353 1925 2424 igiterp

323 2441 409 2501 lsrael
424 2453 451 2501 99
464 2443 597 2514 voluptati
610 2451 638 2501 et
652 2439 806 2499 infidelitati
818 2455 875 2498 stra
889 2440 1009 2508 iamillae,
1022 2437 1125 2495 scilieet
1175 2449 1479 2522 nibusqqqueptscqnqq
1491 2448 1623 2506 pontique
1636 2448 1769 2520 respexit
1777 2445 1812 2503 ,q
1822 2445 1927 2502 eniens
1957 2489 1958 2502 ,

322 2548 401 2596 99199
416 2537 556 2610 gentium,
570 2535 685 2610 pluriam
702 2537 771 2609 legis
790 2535 904 2592 addixit.
919 2532 1019 2590 Finitis
1041 2533 1125 2605 ipiuu
1175 2541 1497 2616 nedixiqettregiti’atri
1508 2542 1710 2615 agensqrnrias
1720 2537 1932 2615 posttenprn'sp
1957 2557 1958 2576 ³

322 2627 392 2702 leqis
403 2629 588 2701 temporibus,
601 2637 630 2686 99
649 2643 712 2685 cum
734 2627 838 2685 999999
851 2625 1028 2698 consepultis,
1043 2623 1126 2681 disci·
1175 2652 1207 2696 ,ρ
1222 2637 1414 2710 prophetarum
1427 2651 1457 2694 sp
1483 2639 1511 2694 q„
1523 2636 1721 2710 pnngeqqeum
1735 2637 1889 2694 „mmm
1907 2653 1931 2704 p.
1957 2621 1958 2632 ³

322 2716 1124 2797 99199999999999991991999999999999999,9919999·
1175 2729 1346 2788 poeumpm
1363 2743 1425 2802 ρος)
1452 2733 1511 2788 paec
1536 2746 1619 2804 suppa
1645 2729 1763 2788 soenum
1785 2727 1934 2800 mmmm»

323 2817 394 2891 99199
409 2817 628 2890 99911999991999
641 2818 783 2875 venientes
795 2814 887 2899 (litu,
895 2813 954 2889 tt).
1177 2833 1238 2892 tm·;
1254 2837 1306 2880 nott
1318 2823 1374 2897 iam
1390 2822 1417 2878 in
1431 2831 1501 2880 terra
1511 2822 1627 2895 J'aeens,
1639 2823 1694 2880 sed
1706 2823 1775 2895 lege
1787 2821 1888 2880 99191199
1906 2825 1936 2874 :tl

358 2913 387 2970 9.
403 2912 490 2987 m)
503 2912 580 2986 lepis
599 2915 671 2986 9999,
686 2913 810 2970 Ecclesiae
823 2910 1068 2983 initium-Ergo
1077 2909 1126 2967 liei
1177 2925 1303 2989 tanquam
1327 2925 1405 2972 terrae
1431 2914 1523 2983 lmnu,
1552 2914 1691 2972 lruetibus
1718 2914 1814 2988 operis
1834 2914 1865 2968 sui
1878 2925 1934 2965 urus·

325 3002 591 3076 999999199919999
599 3003 1047 3064 99999999999999999991999999
1059 3001 1125 3070 adit,
1176 3008 1291 3082 quisque
1321 3008 1512 3066 substernitur.
1530 3006 1571 3082 (lt)
1587 3008 1695 3064 Dantur
1722 3023 1826 3081 quoque
1842 3002 1931 3078 9991919

323 3106 353 3157 99
364 3099 391 3155 999
402 3099 540 3158 desertum
551 3099 677 3157 concedit
693 3099 777 3175 (1999.
806 3099 854 3174 ts)
877 3115 884 3153 :
906 3098 1003 3155 relicta
1027 3097 1127 3169 quippe
1176 3117 1277 3174 panes,
1292 3102 1354 3172 quia
1370 3115 1418 3172 per
1427 3115 1475 3158 eos
1484 3100 1677 3158 erantuiriue
1702 3101 1807 3174 gratia
1824 3099 1875 3155 199
1890 3093 1935 3151 991-

325 3191 643 3261 9999999919999199991,
671 3192 700 3250 99
721 3208 807 3250 sacua
832 3191 933 3249 dirime
961 3189 1126 3261 cognitionis
1139 3187 1162 3253 C
1178 3185 1275 3244 99999.
1291 3187 1370 3244 Plebs
1382 3185 1481 3244 deinde
1495 3186 1615 3260 quinque
1627 3187 1754 3258 panibus
1764 3195 1793 3245 99
1804 3185 1887 3242 doubts
1902 3183 1937 3253 pb

325 3295 438 3360 pectora
454 3287 628 3344 transiturus.
645 3285 736 3344 'ltrrba
752 3286 811 3343 bac
833 3284 963 3353 9999999,
979 3283 1126 3341 bominum
1176 3282 1253 3339 cibus
1264 3283 1381 3356 pascitur
1395 3289 1424 3340 99
1435 3282 1559 3353 expletur
1574 3293 1622 3338 :et
1631 3280 1794 3354 1999999999
1802 3277 1938 3353 persepe

324 3379 360 3438 99
373 3380 483 3438 civitate
496 3379 580 3452 pedes
594 3380 718 3453 sequitur
732 3379 759 3436 in
770 3379 911 3436 desertum
927 3393 936 3436 ι
952 3376 986 3434 99
1001 3377 1127 3450 599999-
1176 3374 1248 3432 clunt
1260 3417 1267 3442 ,
1278 3377 1406 3433 saturatis
1420 3372 1662 3442 accumbentibus,
1681 3390 1775 3446 usque
1796 3374 1823 3430 99
1841 3369 1938 3428 99999999

324 3469 1057 3550 99999919999999991999999999999.0999999999
1076 3467 1127 3524 mi·
1180 3469 1359 3541 cophinorum
1373 3467 1809 3542 plettitudinemabundarerunt‚
1825 3462 1939 3524 bustim

226 3552 229 3557 ’
325 3578 482 3635 sertusest,
496 3576 524 3624 99
537 3581 646 3623 omnem
664 3567 821 3638 languorem
844 3566 904 3636 ejus
924 3563 1126 3621 infirmitatem·
1180 3564 1260 3640 741
1274 3565 1357 3623 999199
1376 3582 1410 3623 cr
1428 3563 1632 3638 doctrinalegis
1655 3563 1898 3637 prophetarumque
1914 3573 1938 3613 tr

326 3659 563 3733 quecurat(liitl.
589 3658 636 3734 11)
661 3678 668 3716 :
689 3661 816 3718 obsessas
838 3661 943 3717 scilicet
965 3668 1071 3718 mentes
1099 3666 1127 3716 91
1180 3659 1568 3728 niente,multitudusatiatur
1582 3677 1589 3714 :
1605 3653 1939 3730 etreserrstagentiuuie

325 3768 441 3826 corpora
452 3751 621 3812 inlidelitatis
635 3763 748 3811 9919999
759 3753 794 3810 99
814 3753 1023 3825 intelligentiam
1048 3767 1126 3810 norae
1178 3753 1205 3811 bi
1220 3753 1252 3830 (i)
1265 3755 1404 3812 exsterni
1416 3753 1468 3810 eibi
1484 3752 1649 3822 minnistono,
1674 3752 1702 3809 in
1715 3751 1940 3818 duodecimaputr

326 3845 528 3920 praedicationis
540 3844 678 3904 emundat.
1177 3848 1265 3905 lurum
1281 3847 1494 3918 plenitudinem,
1509 3845 1589 3919 eopia
1601 3845 1703 3903 dirime
1716 3843 1831 3901 uirtutis
1844 3843 1939 3900 999999
1957 3903 1958 3906 ¹

365 3939 521 4014 1919999999
531 3940 740 3997 doctrinoecilua.
755 3940 963 4014 Quinquepunea
973 3949 998 3998 et
1010 3939 1062 3996 9999
1073 3941 1127 4015 pir·
1177 3939 1252 3997 ldem
1262 3949 1354 3998 991999
1366 3939 1506 3997 edentium
1517 3954 1649 3996 numerus
1675 3925 1833 4004 itrrenitur,
1851 3937 1889 4008 qui
1899 3933 1940 3987 ias·

326 4050 367 4092 cer
377 4022 441 4106 quid
454 4034 608 4108 ripnificent.
624 4033 705 4090 -tit
715 4050 777 4091 cunt
800 4034 927 4106 discipuli
948 4034 1048 4092 dimitti
1071 4043 1128 4091 tur·
1178 4048 1226 4110 rus
1239 4033 1543 4094 lueratereditururum.
1560 4031 1627 4088 Nam
1640 4032 1712 4089 sieut
1727 4033 1803 4090 libro
1815 4031 1854 4104 (9)
1866 4030 1941 4085 piures

327 4127 376 4186 bas
392 4128 419 4184 99
433 4128 545 4185 castella
570 4127 693 4199 99999999
703 4127 738 4184 ad
751 4125 917 4185 coemendos
937 4128 1013 4185 cibus
1034 4125 1128 4184 admo-
1179 4127 1345 4194 continetur,
1359 4141 1393 4184 ex
1408 4125 1492 4183 lsrael
1508 4127 1598 4198 populi
1610 4126 1764 4190 999991919,
1775 4119 1941 4190 virunnqr'r
1957 4105 1958 4124 ¹

328 4231 425 4280 nerent
450 4222 544 4297 (1999.
560 4220 625 4296 15);
646 4221 788 4296 respoudit
803 4241 810 4277 ε
825 4223 888 4279 lion
907 4221 1001 4279 iubent
1028 4237 1128 4278 99999999
1178 4237 1232 4296 que
1245 4221 1329 4278 millia
1339 4219 1513 4280 erediderunt
1528 4221 1597 4294 (Art.
1613 4237 1658 4290 99,
1673 4221 1715 4294 l).
1736 4221 1842 4278 ilerum
1852 4218 1910 4276 9999
1921 4213 1940 4274 ri

326 4315 364 4395 ire
384 4313 466 4389 (1999.
495 4315 545 4390 19)
559 4334 566 4373 9
581 4314 730 4374 ostendens
751 4331 817 4385 eos,
833 4315 932 4388 quibus
955 4315 1128 4385 mederetur,
1180 4315 1324 4372 admiratio
1334 4329 1421 4387 usque
1431 4313 1458 4371 in
1469 4329 1624 4372 mensuram
1640 4328 1733 4372 causae
1749 4311 1939 4386 subjaoentisu·

330 4405 475 4480 (illegalis
490 4406 620 4465 doctrinae
634 4408 697 4466 cibo
706 4423 761 4464 nun
784 4423 882 4481 egere,
897 4423 987 4480 neque
1007 4408 1129 4467 necessi·
1182 4408 1312 4466 tenditur.
1322 4406 1513 4479 Conlrautique
1526 4421 1588 4465 uum
1602 4405 1731 4480 piscibus
1741 4421 1832 4478 panes
1842 4449 1851 4473 ,
1861 4410 1941 4460 sama-t

234 4569 239 4578 Ι
330 4506 415 4556 tatem
425 4499 528 4557 babere
538 4500 642 4574 9999999
652 4499 687 4558 ad
698 4500 822 4558 iudaeam
832 4500 978 4573 cibumque
988 4503 1124 4570 mercari;
1180 4503 1297 4576 999919,
1312 4501 1338 4557 99
1350 4508 1453 4557 tarrtum
1467 4499 1596 4572 deinceps
1610 4497 1941 4570 9999199199999999999

366 4661 405 4736 (9)
419 4660 498 4729 itai,
513 4660 561 4718 Er.
574 4661 686 4732 911999.
700 4646 841 4718 uoluntatis
857 4677 866 4715 :
881 4660 963 4718 male.
1139 4662 1167 4727 D
1214 4659 1253 4746 (q)
1268 4657 1369 4718 Ercusl
1382 4657 1563 4717 renitentibus
1575 4655 1705 4716 omnibus
1715 4669 1785 4714 mss.
1799 4655 1844 4712 1999
1850 4652 1943 4726 adjiciet

366 4731 491 4808 (illidit.
505 4745 618 4804 9999999
632 4733 694 4790 Par.
713 4748 776 4790 uum
790 4734 894 4803 aliquot
918 4747 984 4790 mss.
1000 4733 1127 4790 99999999.
1178 4733 1341 4806 9199999999.
1356 4731 1467 4802 Absque
1483 4731 1535 4788 boc
1548 4730 1633 4787 uerbo
1643 4729 1727 4786 lectio
1739 4729 1778 4786 ita
1793 4729 1892 4799 integra
1906 4731 1942 4778 et:

330 4807 442 4865 Rectius
457 4804 503 4860 999
516 4803 597 4873 libri,
611 4806 728 4862 9999991991
744 4802 820 4873 ,1999
846 4813 904 4874 999,
931 4806 1054 4878 quamvls
1072 4819 1126 4862 999
1178 4807 1277 4878 prutina
1287 4820 1368 4876 999999
1379 4819 1407 4860 99
1416 4804 1489 4870 uerti,
1500 4813 1553 4860 etc.

331 4885 438 4952 sponte,
454 4874 589 4934 99999999
601 4890 701 4934 tamen.
1216 4875 1255 4948 (19)
1270 4875 1316 4932 Sic
1326 4876 1444 5001 antiquae
1458 4875 1593 4932 editiones
1603 4888 1665 4931 cum
1679 4871 1809 4944 pluribus
1821 4886 1881 4927 mas
1893 4868 1944 4923 Sitd

366 4949 404 5024 (9)
418 4951 446 5006 19
460 4963 506 5004 ser
518 4963 584 5006 mss.
608 4947 686 5004 191999
698 4956 885 5021 preceptorum
897 4947 1008 5020 plocium
1021 4965 1031 5005 .·
1046 4949 1126 5006 lectio
1179 4964 1254 5005 num.
1270 4946 1315 5015 19,
1331 4948 1368 5003 919
1432 4943 1485 5001 Det
1497 4945 1592 5001 deinde
1604 4946 1743 5016 discipulis
1757 4961 1849 5016 pones.
1862 4943 1893 4998 tt
1901 4934 1944 5007 9991

331 5038 385 5080 999
408 5019 559 5095 99999999.
585 5019 635 5076 llic
659 5022 772 5077 uerbum
792 5020 931 5076 9999999999
943 5020 1124 5078 desertionem
1178 5019 1241 5076 Par.
1258 5017 1412 5076 striduntur
1420 5034 1521 5089 quoque
1536 5017 1670 5090 apostolis.
1685 5015 1720 5072 99
1730 5015 1759 5070 in
1773 5030 1843 5072 uss.
1856 5014 1944 5068 129999
1957 5025 1958 5030 ’

331 5102 514 5165 senatuique
527 5091 597 5148 idem
621 5101 663 5147 cst
688 5093 907 5164 quudrccetler03
931 5101 1009 5149 antea
1034 5099 1125 5149 autem
1176 5089 1423 5149 celestinum
1446 5105 1545 5160 quoque
1565 5087 1744 5158 ubopostulia.

330 5167 474 5238 oportuisse
487 5162 610 5220 eamdem
626 5163 681 5218 rim
694 5165 776 5219 babet
789 5180 821 5221 ac
836 5165 962 5220 debuisse.
1215 5161 1324 5237 (91999.
1342 5171 1369 5218 91
1384 5161 1432 5218 Er.
1445 5176 1507 5217 cum
1534 5175 1601 5218 mss.
1616 5171 1641 5214 et
1654 5158 1757 5229 eremi.
1784 5159 1822 5215 bt
1838 5157 1862 5214 iu
1886 5155 1943 5230 1999

368 5238 454 5311 (9)19
468 5236 626 5309 9919999991
640 5235 822 5306 aliquutmss.
845 5236 951 5293 resiniis
977 5235 1125 5292 doctrine:
1177 5236 1257 5292 nemi
1269 5233 1366 5291 codice
1378 5233 1505 5290 secundis
1518 5237 1609 5298 curis,
1629 5233 1678 5289 sed
1701 5229 1804 5287 999999
1827 5222 1943 5290 marubi

329 5308 411 5366 lectio
424 5307 543 5380 speciem
557 5307 660 5362 babens
675 5307 805 5362 ueritatis.
820 5309 855 5362 bt
881 5323 942 5380 qum
967 5322 1039 5364 nunc
1051 5307 1138 5364 exhi.
1178 5315 1313 5376 expuncto
1334 5313 1375 5372 et,
1389 5311 1468 5360 99999
1488 5305 1663 5361 substitutum
1687 5309 1731 5359 est
1754 5310 1890 5364 9999999919,
1907 5297 1943 5350 199
1957 5321 1958 5328 ¹

329 5380 410 5438 betur
422 5396 457 5436 er
470 5395 537 5436 mss.
551 5376 634 5436 Cam.
646 5383 675 5434 99
682 5376 761 5434 Golb.
776 5377 910 5435 sincerior
931 5378 990 5435 uisa
1011 5384 1069 5444 999,
1098 5387 1127 5435 ut
1177 5377 1254 5434 serbi
1266 5385 1396 5432 9999999199
1406 5392 1416 5433 .·
1426 5375 1499 5448 quod
1511 5391 1564 5432 nun
1576 5373 1739 5432 mutandum
1759 5381 1897 5446 99999999,
1912 5361 1942 5420 sti
1957 5375 1958 5428 9

330 5451 569 5516 iisminusubuia,
584 5449 630 5522 qui
652 5448 738 5506 libros
760 5459 867 5507 reteres
886 5452 996 5523 propriu
1018 5451 1127 5520 ingenio
1178 5446 1599 5514 advocemcopiorelerendum.
1908 5510 1913 5520 Ι
1957 5473 1958 5488 1

330 5534 377 5581 aut
388 5524 549 5594 corrigunt,
566 5532 614 5578 aut
627 5531 816 5593 currumpunt.
1215 5519 1256 5596 (j)
1271 5521 1330 5586 Er,
1341 5517 1417 5589 1999.
1431 5524 1459 5575 99
1471 5520 1531 5575 l‘ar.
1543 5517 1608 5575 libro
1622 5517 1746 5574 Proetus
1767 5533 1777 5574 .·
1801 5508 1958 5588 9999999199

260 5656 262 5660 ,
366 5593 404 5667 (9)
420 5594 634 5668 9999999999
653 5592 763 5667 punicus
785 5593 896 5666 quinque
910 5594 969 5650 9999
983 5594 1058 5668 99999,
1070 5603 1125 5652 919.
1181 5607 1243 5651 uum
1259 5590 1548 5651 1199999999999999.
1957 5595 1958 5682 9

331 5666 572 5736 emcndanturupe
584 5682 651 5724 99999.
824 5677 827 5684 ·
1216 5663 1255 5736 (tt
1272 5662 1350 5733 Saepe
1362 5662 1432 5734 apud
1446 5660 1592 5730 liilarium,
1607 5661 1696 5719 sedin
1709 5662 1763 5720 beu
1775 5661 1886 5742 maxime
1897 5656 1942 5710 1999
1957 5685 1958 5720 t

367 5735 908 5812 (919999991991999999999919.
930 5738 971 5796 Er
996 5736 1127 5796 99999999
1182 5735 1342 5794 vocabulum
1364 5734 1504 5791 admiratio
1530 5749 1585 5792 non
1611 5743 1704 5791 aetum
1729 5732 1893 5791 9999999999.
1913 5719 1942 5778 ⁵²⁴

334 5805 489 5879 buiusruudi
501 5807 619 5866 lectione
629 5810 747 5869 obtinuit
771 5809 844 5882 9999
871 5809 934 5868 Par.
960 5811 1125 5883 9999991999.
1181 5807 1340 5868 miraculum
1355 5806 1454 5878 ipsum,
1464 5821 1519 5880 quo
1530 5805 1674 5864 admiratio
1684 5798 1942 5877 ereturnsiquiiot
