4042 6342
58 285 109 346 tat
498 287 774 356 cottlmtttttltltls
792 290 827 356 IN
845 289 1063 358 deusdedit.
1084 291 1161 358 dul.
1181 290 1254 355 xlv.
1647 295 1702 362 bl!
1762 322 1767 332 ·

56 399 197 458 formantis
220 402 248 459 in
265 418 346 464 omne
363 419 432 476 opus
452 407 575 466 utilitatis
590 408 718 464 humanae
734 426 740 462 ι
756 407 797 480 (o)
810 409 853 465 in·
865 421 890 482 ,q
905 408 948 466 lus
970 408 1021 466 luit
1033 425 1040 466 ι
1052 419 1079 466 et
1104 410 1182 466 naris
1203 407 1273 466 mari
1291 407 1397 476 medio,
1414 415 1494 468 ventu
1520 407 1699 478 aduersante,

58 492 173 550 lorrttem
197 497 300 553 scilicet
320 513 463 571 corporum
484 509 639 557 nostrorum
663 499 803 556 materiem
824 499 850 556 in
902 501 1029 560 homibus
1040 503 1202 576 jactabatur.
1219 503 1253 560 Et
1267 515 1362 575 quarta
1378 506 1465 578 vigilia
1482 507 1612 564 hominus
1628 505 1702 560 trcnit

56 588 163 645 diuersa
179 591 364 646 ntentbrornm
378 590 540 660 ntlnisteria,
555 592 625 648 etad
640 593 729 648 omnia
742 601 852 647 reternae
902 611 984 667 super
999 613 1074 653 ntare
1086 598 1227 655 ambulans
1242 615 1250 652 ε
1264 599 1440 672 videntesque
1454 600 1553 656 turbati
1566 607 1650 666 snut,
1676 605 1704 656 ct

54 681 211 750 ritaeupera
225 679 359 752 lugentis.
389 681 418 738 lu
432 683 475 739 bis
497 683 578 756 igitur
601 683 852 740 scandalizabantur
902 687 1075 768 iitarrisrisus
1088 689 1247 762 phantasma
1262 691 1415 762 credentes,
1438 693 1623 750 clamaverunt
1648 707 1703 764 prat

53 787 149 828 omnies
172 779 221 828 :et
233 772 304 830 inter
318 781 358 829 tot
371 773 408 848 (l)
422 781 533 852 unique
546 775 688 850 magnilica
702 787 762 849 qua
774 786 852 849 gere·
902 781 1009 838 timore.
1026 779 1128 852 Quibus
1143 793 1204 840 tutor
1223 785 1367 848 horninus,
1378 785 1484 844 locrrtos
1497 797 1559 854 est.
1583 777 1616 843 ei
1638 800 1703 844 coo·

52 865 117 932 hat,
140 864 265 935 corporis
279 864 338 936 elus
351 867 580 939 contemplatione
600 867 850 925 commovebantur.
903 880 1077 932 stantosesse
1098 875 1190 948 jussit.
1218 877 1251 934 Et
1273 893 1305 934 ox
1328 877 1452 949 plurimis
1469 877 1565 938 Petrus
1591 895 1704 950 respon·

51 957 159 1028 Quibus
172 959 300 1015 ltomiuos
312 960 526 1018 inhonorabilem
540 961 566 1020 Ιιι
579 963 664 1032 patria
678 977 724 1018 sua
736 961 852 1035 propbe-
902 962 981 1032 dens,
994 965 1140 1036 pastinavit
1150 967 1188 1023 uti
1201 966 1235 1022 ad
1248 967 1389 1026 houtinnm
1402 986 1484 1042 super
1494 985 1576 1043 aquas
1587 969 1703 1028 nutriret.

52 1062 108 1108 tam
131 1067 194 1110 esse
205 1055 345 1125 respondit
358 1053 467 1131 (llotrlu
484 1069 542 1125 snt,
562 1051 621 1132 sl),
641 1058 702 1129 quia
718 1055 744 1112 ln
758 1053 852 1114 iudaea
902 1053 953 1126 Qui
969 1053 1003 1112 de
1015 1057 1137 1115 nauicula
1152 1059 1333 1129 descendens,
1355 1071 1383 1118 et
1404 1077 1565 1136 progressus
1581 1063 1705 1135 aliquan-

50 1154 124 1204 esset
138 1147 271 1220 usquead
293 1147 383 1205 crucis
396 1151 558 1208 sententiam
577 1151 802 1208 contemnendus.
819 1152 853 1207 tlt
903 1149 1001 1216 tulum,
1019 1160 1101 1207 nerito
1117 1151 1301 1210 invalescente
1312 1161 1340 1210 et
1356 1153 1452 1212 timere
1469 1155 1550 1226 eoepit
1565 1161 1594 1211 et
1607 1156 1702 1226 mergi.

50 1242 112 1314 quia
124 1253 210 1312 penes
220 1243 295 1300 solus
305 1241 388 1322 738
401 1243 494 1302 lideles
506 1243 554 1302 bel
566 1245 652 1303 uirtus
665 1253 723 1316 est,
739 1255 851 1320 propter
903 1242 990 1312 Quem
1013 1245 1221 1318 apprehendens
1245 1243 1391 1318 Doutinus,
1413 1249 1566 1321 objurgavit
1579 1263 1627 1304 eur
1642 1245 1704 1304 hdei

50 1347 146 1392 eornm
159 1337 381 1394 incredulitatem
395 1339 522 1398 omnihus
534 1340 633 1399 ditium
654 1338 782 1416 operibus
796 1341 851 1402 rir-
904 1333 1018 1393 mtditae
1032 1337 1067 1394 sii
1089 1356 1098 1394 ἑ
1126 1339 1319 1412 ingressusque
1346 1354 1463 1409 tillem·
1482 1341 1702 1413 tranquillitatem

50 1433 116 1488 tntis
126 1431 266 1486 abstinuit.
903 1440 986 1486 teuto
997 1437 1027 1486 et
1037 1431 1105 1488 mari
1117 1433 1275 1504 quiescente
1290 1423 1424 1492 revocarit
1440 1429 1522 1509 (liiii.
1538 1425 1649 1505 22-32).

86 1525 114 1580 3.
133 1523 333 1597 Euangelhresl
349 1535 373 1582 et
394 1527 613 1586 interiorrertsur.
630 1561 665 1570 —
678 1525 711 1586 ln
723 1529 771 1586 t'ilo
789 1537 853 1587 tem·
940 1520 966 1579 3·
984 1515 1067 1596 lgllltl
1091 1519 1148 1581 Βίου
1178 1533 1206 1582 ttt
1231 1527 1501 1584 commemoravimus
1521 1535 1597 1602 gesta
1617 1536 1703 1583 sunt:

54 1633 116 1689 pore
130 1615 228 1672 oodmit
240 1615 357 1675 linones
371 1619 691 1694 renmnnasnmpm1m‚
707 1635 731 1680 er
743 1626 780 1679 nn
791 1641 853 1697 pne.
904 1615 951 1671 sed
965 1615 1007 1672 his
1022 1617 1148 1674 omnihus
1158 1621 1294 1690 personis,
1306 1616 1457 1688 effectibus,
1469 1623 1570 1688 causis,
1584 1621 1705 1678 numeris

55 1712 92 1764 rie
104 1712 159 1766 atris
172 1752 180 1776 ,
194 1711 336 1782 etreliqua
353 1711 461 1785 (Moab.
475 1725 542 1783 xre,
564 1715 590 1784 i,
614 1717 656 1789 ξ).
685 1715 853 1794 Frequenter
904 1707 1002 1765 arodus
1017 1707 1138 1782 adjacet,
1163 1724 1192 1767 ιιι
1214 1726 1273 1786 qnae
1298 1724 1459 1785 gesserunt,
1479 1725 1579 1788 praeter
1593 1701 1704 1788 gerendi

54 1806 226 1873 monuimus,
248 1819 357 1862 omnem
372 1807 540 1880 diligentiam
562 1807 769 1882 Evangeliorum
797 1811 851 1868 lec·
867 1818 1003 1888 Bolanus
1019 1803 1249 1876 instinctumque,
1263 1821 1344 1880 quem
1359 1807 1544 1880 uniusquisque
1558 1824 1592 1866 en
1607 1813 1704 1864 natura

51 1899 118 1954 sioni
132 1898 256 1956 adhiberi
272 1906 400 1972 oportere
415 1917 422 1954 ς
439 1901 500 1973 qum
512 1903 537 1956 tn
547 1902 613 1970 his,
625 1919 685 1974 (μω
700 1909 777 1976 gesta
789 1919 853 1960 nas,-
904 1910 952 1949 sna
966 1893 1100 1966 sumpsit,
1115 1895 1288 1953 extrinsecus
1304 1899 1394 1954 omnia
1410 1899 1545 1970 gesserint
1567 1901 1593 1954 in
1614 1914 1706 1956 ertem-

48 1999 167 2060 rantur,
184 1991 296 2049 subesse
314 1993 452 2051 interioris
474 1995 661 2069 intelligentiae
674 1997 745 2054 ratio
768 2013 850 2070 repe·
904 1985 979 2058 plum
996 2005 1003 2042 ²
1019 1987 1071 2044 ¹¹⁰⁰
1085 1981 1168 2064 739
1181 1987 1283 2062 ⁰¹³J⁰l⁰
1299 1989 1334 2046 ¹¹³
1350 1986 1478 2062 opinandi
1494 1993 1644 2050 willelmi
1658 2033 1667 2061 r
1683 1992 1706 2046 ⁵¹

47 2083 145 2138 riatur.
165 2083 335 2141 llahetenim
356 2088 478 2142 nrnnlnm
496 2101 613 2160 operum
637 2086 852 2147 inarratlosunnt
906 2093 961 2140 tam
975 2079 1143 2140 diversarum
1158 2099 1301 2141 causarum
1313 2083 1486 2142 efficientiam
1499 2101 1551 2140 uua
1566 2096 1647 2156 atque
1661 2100 1714 2155 ιιι·Ι
1776 2157 1779 2168 ¹

45 2177 175 2234 ordinem
189 2178 403 2252 :sndgestnrnm
419 2179 560 2238 effectibus
580 2197 671 2238 causae
684 2181 853 2254 subjacentis
905 2175 967 2231 dem
987 2173 1167 2248 intelligentia
1181 2189 1374 2249 consequatur.
1397 2177 1495 2235 Sermo
1506 2178 1585 2252 igitur
1605 2175 1707 2234 aduri·

44 2271 157 2341 speeies
171 2272 369 2342 praeformatur,
381 2281 412 2329 ut
431 2274 460 2330 in
477 2274 584 2331 llerodo
605 2289 636 2332 ae
655 2273 760 2334 Ioanne
774 2275 854 2332 intel·
905 2269 995 2342 gineni
1007 2269 1200 2356 propositionis
1210 2269 1371 2328 referendus
1382 2282 1433 2328 est.

44 2363 149 2434 trgum.
163 2361 231 2420 hain
245 2373 272 2422 et
287 2363 409 2422 Herodes
424 2367 550 2438 princeps
563 2375 623 2423 erar
633 2367 743 2439 populi,
757 2365 853 2424 etilo»
943 2361 971 2419 ⁷·
986 2359 1111 2430 tonino,
1134 2361 1186 2420 tex.
1203 2358 1320 2420 denno
1334 2374 1357 2420 er
1371 2369 1465 2437 pani,
1477 2355 1599 2421 lodoin
1609 2371 1707 2438 pentae.

43 2457 194 2513 rodiadcm
217 2472 330 2516 uxorem
353 2459 470 2532 Philippi
495 2459 589 2517 fratris
610 2463 652 2516 soi
668 2462 694 2516 lo
715 2462 855 2517 matrimo-
907 2453 1127 2524 Gentiumoeor,
1145 2456 1297 2529 infidelitas.
1313 2454 1403 2528 Filio,
1418 2461 1546 2530 uoluptas.
1570 2489 1605 2500 —-
1626 2458 1709 2516 loan-

43 2550 214 2607 niumsuum
226 2551 288 2624 jure
300 2554 443 2625 potestatis
456 2561 650 2627 assumpserat.
664 2555 699 2612 Et
716 2553 780 2613 huic
798 2553 853 2613 fle·
907 2567 977 2618 nes,
995 2561 1024 2608 ut
1038 2551 1195 2626 frequenter
1219 2551 1429 2622 admonuimus.
1453 2553 1567 2610 lormnm
1592 2552 1710 2624 protulit

43 2642 153 2701 rodiadi
169 2646 395 2718 erattilia2quaa
411 2649 495 2704 natali
509 2647 573 2717 die,
596 2662 658 2706 cnm
681 2649 785 2706 saltans
798 2649 854 2721 pia·
907 2637 1071 2718 legirzquia
1094 2643 1137 2702 lex
1158 2643 1297 2704 Christum
1325 2645 1501 2718 praedicavit,
1533 2655 1561 2702 et
1589 2635 1710 2702 loannes

43 2746 136 2804 reret,
157 2747 323 2809 potestatem
343 2741 422 2812 cuius
436 2740 518 2798 uellet
537 2742 660 2814 premii,
681 2751 855 2811 sacramento
909 2739 1046 2810 prolectas
1058 2757 1090 2798 en
1107 2741 1166 2814 lege
1179 2748 1231 2806 est,
1244 2739 1379 2798 Christum
1391 2755 1424 2796 ex
1439 2739 1497 2812 lege
1509 2739 1708 2810 prenuntians.

43 2830 165 2900 iurantis
180 2833 303 2904 accepit:
318 2841 346 2890 et
357 2833 472 2892 ioannis
492 2844 574 2907 rapot
588 2835 624 2911 (e)
638 2837 667 2893 itt
681 2851 791 2894 carcere
806 2838 853 2895 diu
908 2827 1033 2891 llerodes
1052 2849 1118 2892 vero
1134 2833 1260 2907 princeps
1282 2839 1326 2890 est
1339 2832 1453 2904 populi:
1470 2842 1498 2890 et
1518 2832 1610 2906 populi
1632 2832 1709 2904 pirits-

43 2925 151 2992 babiti,
177 2925 265 2997 puella
288 2936 374 2985 matre
399 2928 561 2988 admonente
584 2931 660 2988 disco
681 2931 732 2990 sihi
760 2931 854 2991 inlerri
908 2944 985 3000 ceps,
1009 2929 1138 3000 subjectae
1161 2927 1211 2985 sihi
1230 2926 1528 2984 uniuersitatisuomen
1544 2941 1711 2997 causamque

43 3029 226 3087 precataest.
244 3019 434 3091 Etlierodes‚
460 3023 543 3079 tristis
571 3021 653 3093 licet,
683 3033 855 3082 sacramento
908 3019 1111 3093 complectitur.
1131 3014 1250 3078 Joatnres
1273 3034 1338 3092 ergo
1363 3019 1501 3077 llerodcm
1515 3013 1657 3086 monebat,
1676 3034 1712 3076 ne

44 3111 130 3166 tudem
150 3101 287 3181 reddidit,
299 3123 327 3169 er
348 3116 427 3171 marri
448 3116 537 3187 puella
553 3131 650 3173 onorius
664 3117 808 3174 orttiboit:
827 3125 856 3175 et
909 3111 1001 3171 fratris
1016 3113 1059 3170 sui
1075 3128 1188 3170 oaorem
1201 3111 1252 3169 sihi
1262 3113 1390 3184 innueret
1404 3111 1487 3182 (ltro.
1503 3110 1544 3188 ii.
1558 3111 1627 3170 Sunt
1638 3112 1711 3169 euim

43 3205 159 3275 sepulto
179 3219 213 3260 eo
227 3205 350 3278 discipali
371 3206 429 3279 ejus
454 3207 489 3285 ad
516 3208 663 3268 bominum
688 3211 894 3285 transieruotg
910 3217 991 3279 atque
1005 3215 1084 3264 erant
1098 3205 1151 3264 dun
1166 3207 1275 3278 pupuli,
1297 3202 1513 3264 circumcisionis
1533 3209 1709 3279 algentium.

43 3297 127 3372 [laid.
145 3297 241 3372 (ι’-Η).
910 3302 964 3360 Sed
979 3294 1106 3362 lsraelem
1121 3301 1165 3358 lex
1184 3285 1365 3372 admonebatss
1383 3319 1418 3358 ne
1430 3317 1513 3374 opera
1528 3301 1649 3375 gentium
1670 3302 1711 3358 in·

75 3397 105 3450 b.
121 3393 289 3465 Auditisque
313 3393 355 3451 his
369 3395 497 3454 bantinus
521 3397 547 3451 iu
569 3395 721 3454 naviculam
745 3396 770 3452 in
794 3395 855 3456 loca
911 3393 1123 3466 fidelitatemque
1137 3392 1189 3451 sibi
1201 3393 1337 3466 jungeret.
1354 3393 1482 3451 Gentium
1496 3397 1569 3451 eumn
1583 3395 1656 3452 sacia
1671 3395 1713 3450 in·

44 3488 162 3545 leserta
182 3487 314 3557 secessit,
329 3497 357 3545 et
371 3490 541 3562 sequentinm
565 3505 595 3548 se
617 3491 756 3547 tnrharnm
772 3508 857 3550 vexa·
910 3483 1026 3542 lidelitas
1048 3493 1107 3554 est,
1122 3485 1263 3558 quaeipsis
1279 3496 1415 3558 tamquam
1431 3487 1538 3544 uinculo
1559 3487 1712 3560 conjugalis

43 3580 149 3637 ionem
175 3577 305 3635 misertus
329 3589 390 3647 est,
406 3589 434 3638 et
445 3581 545 3637 dimitti
567 3598 614 3638 eas
639 3579 666 3638 io
687 3583 797 3640 castella
820 3582 857 3643 sd
879 3637 882 3643 ,
910 3579 1013 3634 amoris
1027 3593 1133 3636 annena
1154 3584 1206 3634 est.
1233 3577 1265 3634 ili
1289 3579 1369 3650 igitur
1391 3577 1490 3638 iratres
1506 3597 1538 3638 ex
1552 3581 1648 3638 eadent
1662 3582 1714 3638 ltu·

43 3671 219 3730 :oernendos
240 3671 315 3729 cibos
341 3674 462 3746 Apostoli
479 3673 637 3731 admonent.
660 3675 694 3731 Et
725 3674 857 3733 donnons
911 3671 984 3731 mani
1000 3673 1110 3746 generis
1130 3683 1193 3730 suut
1214 3681 1336 3745 parente.
1351 3671 1392 3730 Ob
1405 3671 1475 3732 hanc
1496 3675 1587 3746 itaque
1608 3689 1713 3746 asperae

43 3767 217 3840 espondet,
232 3767 420 3824 trecessitatem
436 3784 470 3826 eo
481 3767 635 3826 revertendi
651 3769 724 3840 ipsas
738 3782 793 3826 non
808 3771 857 3826 ba-
909 3765 1105 3822 admonitionis
1129 3764 1290 3833 veritatem,
1313 3761 1433 3824 loannes
1460 3776 1594 3842 tamquam
1616 3767 1660 3826 lox
1684 3770 1712 3826 io

43 3879 119 3932 tere,
135 3861 257 3933 darique
269 3859 312 3918 his
325 3861 417 3918 cibum
440 3863 573 3933 praecipit.
589 3861 625 3918 Et
637 3863 711 3919 solos
724 3878 755 3920 sc
777 3863 858 3935 quin-
910 3875 1023 3918 carcere
1038 3858 1236 3918 continebatur.
1252 3854 1301 3917 Die
1315 3871 1405 3918 aunem
1420 3859 1534 3930 rietatis,
1549 3861 1576 3919 id
1593 3871 1653 3930 est,
1670 3879 1715 3922 rc-

43 3969 92 4026 que
107 3966 207 4028 patres
229 3963 258 4009 ot
276 3953 345 4009 duos
359 3953 446 4024 pisces
461 3953 562 4009 hahere
574 3963 729 4010 causantur.
754 3952 789 4010 Et
813 3952 856 4011 ol·
913 3971 973 4011 rum
997 3954 1179 4026 corporalium
1195 3955 1320 4026 gaudiis,
1336 3954 1498 4014 herodiadis
1523 3956 1579 4012 lilia
1603 3956 1715 4014 saltanti
1780 3971 1784 3978 ’

43 4047 105 4104 erni
120 4045 184 4102 sihi
203 4060 250 4102 eos
261 4045 357 4115 jussit,
372 4047 534 4116 turbamque
553 4045 703 4102 substrato
717 4043 790 4101 lteno
810 4061 858 4101 ac·
914 4041 998 4117 (init.
1021 4039 1051 4117 h)
1068 4064 1075 4100 ε
1092 4042 1216 4115 voluptas
1239 4041 1311 4100 enim
1338 4053 1472 4118 umquam
1499 4064 1533 4104 ex
1557 4047 1716 4108 infidelitate

43 4140 195 4196 zuanburc.
213 4135 652 4203 sstoblataoenedixiuetnnbae
665 4134 854 4194 manducanda
912 4147 1050 4208 orta,per
1072 4137 1161 4192 omnia
1186 4131 1406 4208 israelisgaudia
1428 4134 1640 4198 totisillecehrae
1659 4157 1716 4216 spat
1771 4131 1773 4139 ¹

43 4231 233 4299 ommiouit,
244 4239 272 4286 st
285 4231 359 4288 dedlt
374 4230 515 4303 discipulis
528 4239 557 4286 ut
572 4229 702 4286 ollerrent
716 4245 723 4285 t
738 4239 766 4286 et
777 4238 855 4285 sata·
913 4225 1039 4285 cursibus
1049 4225 1222 4285 efferebatur.
1233 4221 1283 4285 Cui
1294 4245 1323 4284 se
1334 4245 1442 4288 onlnem
1452 4232 1532 4288 etiarn
1545 4248 1716 4294 sacramento

44 4332 109 4386 atis
136 4325 272 4384 omnibus
294 4327 483 4397 supplementa
510 4323 687 4396 cophinorum
710 4321 857 4379 duodecim
914 4319 1038 4379 uenalem
1062 4321 1179 4393 populns
1194 4319 1296 4378 addixit
1311 4340 1317 4377 :
1333 4318 1383 4380 sub
1405 4326 1522 4396 pecuaris
1535 4327 1649 4386 enimet
1662 4345 1716 4386 sae-

46 4419 677 4497 uperluerunt,cumtamenettramulierum
693 4433 857 4490 puerorum-
913 4417 969 4474 coli
991 4417 1196 4490 voluptatibus,
1230 4417 1447 4477 israelitaenitae
1470 4426 1579 4480 eternus
1604 4441 1716 4484 munera

43 4533 92 4591 qne
116 4529 292 4580 nnmerum,
309 4514 429 4584 quinque
450 4511 535 4568 millia
556 4511 674 4567 rirorum
690 4511 799 4582 expleta
813 4523 861 4566 es·
914 4508 1106 4568 uendiderunt.
1134 4509 1197 4568 ilaec
1217 4511 1312 4568 matris
1333 4527 1390 4568 suae
1404 4555 1412 4582 ,
1426 4515 1451 4572 id
1467 4523 1526 4584 cst,
1550 4518 1718 4578 inlidelitatis

47 4617 106 4670 ent
123 4605 218 4681 (ibid.
234 4605 341 4677 isui).
873 4611 903 4672 1)
915 4603 1046 4660 instinctu
1059 4644 1067 4670 ‚
1082 4599 1183 4659 deferri
1210 4601 1261 4660 sibi
1283 4601 1396 4662 loannis
1410 4609 1511 4680 caput,
1535 4609 1560 4665 id
1577 4621 1634 4680 est,
1658 4613 1717 4683 glo-

70 4705 106 4760 5.
137 4701 180 4756 Et
194 4697 342 4769 discipulos
355 4696 510 4754 nauiculam
522 4694 860 4765 conscendere‚ottrans
916 4697 984 4754 riam
996 4699 1064 4770 legis
1080 4697 1167 4756 orarit
1179 4696 1259 4768 (litt.
1275 4697 1303 4770 8)
1322 4715 1330 4755 :
1347 4699 1411 4771 quia
1424 4701 1466 4760 les
1482 4704 1664 4762 imestaasmr
1680 4707 1719 4763 ls-

43 4805 154 4854 retum
183 4791 339 4863 procudere
355 4791 628 4864 intentissimeque
648 4793 706 4862 ipse
730 4793 811 4848 turba
828 4793 860 4850 io
916 4791 1023 4848 rualem
1040 4791 1203 4849 auctoritate
1226 4789 1382 4848 drinaum
1402 4804 1600 4870 praeceptarum
1622 4808 1718 4872 argue

43 4901 178 4948 nentem
206 4900 284 4942 orare
303 4885 377 4942 solus
397 4885 520 4942 aseendit
533 4903 541 4941 z
556 4883 863 4959 laernqoerespereoo·
915 4885 973 4943 bat.

43 5110 134 5170 iocis.
149 5108 184 5163 in
198 5105 291 5162 blattis
305 5107 406 5164 doeens
416 5108 450 5163 ils
469 5109 630 5177 maurelius
642 5110 732 5168 verbis
747 5111 862 5169 indicari
916 5115 1010 5186 opinio
1032 5116 1140 5191 insepti.
1151 5127 1237 5180 artem
1261 5116 1401 5197 lignarium
1416 5127 1589 5194 exercuisse,
1604 5125 1641 5185 ita
1663 5129 1718 5188 alto

43 5194 136 5242 neuin
161 5187 266 5262 patrem
280 5179 366 5253 rigido
381 5181 509 5264 'mentium
531 5179 647 5252 Spiritus
661 5183 719 5256 igne
741 5185 860 5240 mollire.
916 5187 1029 5246 Sculteti
1055 5193 1145 5250 aulum
1170 5191 1333 5266 intruserat,
1350 5206 1378 5253 ut
1391 5195 1471 5254 laelio
1485 5200 1536 5254 sihi
1553 5203 1720 5269 persuaserit

43 5258 202 5310 tonse-nur
218 5259 248 5333 et
265 5250 422 5307 nnumsros
437 5251 542 5336 rnhuc.
558 5252 577 5307 Ι.
595 5269 641 5318 ιιι,
657 5270 684 5307 ιι.
697 5253 734 5321 2,
753 5255 799 5310 nbi
819 5257 859 5312 al·
917 5262 990 5331 quod
1004 5263 1142 5332 Scriptura
1163 5263 1280 5338 lignarius
1294 5270 1448 5324 mentionem
1467 5271 1563 5339 meiat,
1576 5272 1657 5343 eique
1669 5271 1719 5328 iii-

44 5339 92 5382 »ta
111 5322 278 5388 'l'laeophrll'
293 5324 374 5378 rerba
393 5323 530 5380 erscrtbrt.
552 5321 584 5378 Ιιι
600 5324 724 5380 eamdem
748 5335 862 5382 senten·
918 5331 1004 5389 lamus
1016 5335 1186 5394 adversetur.

43 5403 107 5455 iarn
133 5393 281 5449 alritlleda
302 5393 421 5480 inituro.
438 5409 515 5478 cyr.
535 5394 607 5450 itilril
627 5393 792 5466 itaqueluit,
812 5410 865 5452 eor
957 5401 996 5476 (o)
1014 5405 1098 5474 Bari„
1115 5407 1179 5474 Er..
1196 5407 1313 5480 [ipset
1333 5427 1380 5468 ser
1404 5427 1472 5470 mss.
1490 5411 1602 5485 sormam
1624 5414 1720 5474 adtira

44 5471 199 5528 cultetns
217 5465 286 5521 moa
305 5465 398 5520 lhlaru
411 5480 567 5536 optntonem
588 5475 618 5522 nt
632 5481 737 5522 nutum
752 5473 865 5524 notaret
921 5486 1069 5532 omanorum
1086 5495 1224 5552 carporum
1236 5491 1259 5536 et
1273 5484 1412 5538 rummiens.

47 5543 120 5598 nde
139 5536 223 5592 nullo
236 5537 316 5592 modo
327 5539 450 5620 excusari
469 5539 563 5621 possit.
580 5536 711 5606 Quantris
726 5539 799 5594 eninr
813 5539 861 5624 alil
958 5545 985 5618 (b
1011 5549 1180 5606 sinceriores
1194 5567 1258 5608 mss.
1274 5563 1393 5621 motoque
1406 5555 1556 5626 magnifica.

43 5611 161 5680 osopi!
177 5609 281 5662 suillum
297 5607 579 5679 flsstttl'ltlmdlielml.
594 5609 864 5680 nqneramenliemt
926 5645 930 5652 ·
958 5619 983 5690 (c
1009 5619 1037 5674 ln
1053 5621 1158 5693 aliquot
1169 5637 1233 5678 mss.
1248 5623 1292 5694 qni
1303 5625 1332 5678 itt
1342 5625 1647 5686 crnsaredt'ubobiitttll.
1663 5631 1720 5690 Hoc

43 5685 209 5744 err-arium
236 5679 347 5763 dicere..
375 5690 502 5764 neutrum
522 5679 671 5751 htangfflo
701 5681 861 5738 delinientc.
902 5688 1065 5816 ⁴ptatiosita
1089 5693 1324 5751 vertendumerat
1344 5696 1411 5764 :qui
1431 5695 1720 5774 interrumpendis
1755 5745 1758 5752 ,

43 5773 99 5814 ino
134 5763 235 5822 iustitie
260 5749 377 5806 illimis!
404 5751 412 5806 Ι
442 5764 548 5805 {immi
584 5765 600 5806 n
653 5759 674 5807 i.
710 5751 863 5824 Uirumque
932 5761 1088 5826 nabebatur,

43 5842 111 5888 ero
127 5823 232 5881 inanit
244 5821 406 5882 hurbroriua
497 5820 617 5882 notan.
689 5836 738 5881 tun
754 5823 863 5898 rnlgata
