4042 6342
282 287 339 360 tat
401 237 405 242 ³
889 287 1013 352 teucri
1027 286 1157 354 runnu
1176 276 1329 358 ensem
1879 294 1921 360 tu

280 415 466 488 rtgnttlcanter
479 414 537 480 alt,
551 410 662 469 intrant
683 410 737 470 sllsl
759 423 821 469 esse
840 409 958 482 spinam.
982 411 1080 481 spinas
1095 413 1118 475 Α
1132 429 1194 472 nen
1216 414 1397 486 depreeatur,
1419 409 1553 473 lturnlletn
1576 415 1679 482 rucat3
1699 409 1771 486 qtrod
1788 423 1828 472 est
1847 416 1919 490 utique

285 511 360 566 enim
375 511 401 566 ln
412 508 556 580 Evangelio
566 507 694 562 Dominus
706 506 784 563 docet
798 520 878 562 curras
891 505 1084 563 ctsollicitudi-
1135 509 1253 580 superbo
1270 507 1448 564 contrarium.

284 616 334 657 ties
347 604 433 656 rictus
445 613 516 667 esse,
529 599 627 669 quilius
642 598 788 655 suffocatur
801 599 929 653 terbum:
945 608 988 654 aut
1001 611 1082 669 quum
1169 599 1197 658 6.
1213 601 1266 656 Pro
1281 599 1333 656 ltuc
1347 599 1436 668 enlm,
1453 599 1558 673 lnquit,
1574 597 1772 672 deprecabitur
1789 595 1887 656 humilis
1903 613 1922 658 rt

284 692 328 749 lile
340 693 472 764 propheta
485 693 604 764 spinam,
620 692 647 748 ld
668 701 710 748 est
725 706 819 748 curam
833 699 862 747 ut
872 689 1082 748 sollicitudinem
1132 689 1220 762 justus
1232 693 1265 750 ιιι
1279 700 1305 750 te
1318 693 1345 750 ln
1360 701 1481 765 tempore
1494 705 1582 752 recte.
1599 691 1652 750 Est
1668 707 1734 764 ergo
1748 701 1847 763 ternpus
1858 709 1922 764 quan

283 786 556 852 ritae,.indramessc
567 785 705 854 edidicit,
720 799 798 841 exeu
812 798 847 840 es
860 799 915 856 quo
928 783 1043 840 merserit
1056 791 1084 839 et
1134 781 1170 839 do
1184 797 1237 840 non
1256 795 1298 841 est
1312 793 1387 843 reete
1399 785 1486 858 iustus
1501 801 1516 842 a
1533 785 1666 843 Domino.
1688 784 1749 855 lpse
1768 783 1922 854 promenti

283 880 395 937 desierit
409 880 529 936 clamare
541 880 576 935 ad
596 880 701 947 Deum,
724 893 772 950 per
785 878 858 950 quud
872 890 1033 933 conuersum
1053 891 1084 934 se
1135 875 1311 945 sttltsequenti
1330 877 1410 934 docet
1428 877 1538 945 dicens,
1556 879 1646 936 Vens.
1661 877 1698 936 d:
1718 875 1813 932 Veram
1830 877 1854 930 ia
1871 879 1923 934 ditt-

282 973 383 1028 esseio
407 973 544 1028 miseriam
556 974 712 1029 confitetur.
736 972 771 1028 tlt
793 971 920 1043 quonlam
940 969 983 1026 liae
1010 985 1084 1026 eura
1134 969 1204 1024 rium
1223 971 1364 1026 multarunt
1384 987 1510 1042 uqsnnm
1529 972 1565 1028 ad
1583 971 1663 1027 illunc
1682 989 1736 1028 nun
1752 975 1922 1044 appropinqu·

283 1070 313 1120 et
326 1062 522 1119 sollicitudines
533 1065 680 1120 seculares
693 1063 850 1134 frequenter
870 1064 897 1118 in
917 1063 1023 1119 animos
1037 1077 1085 1118 no-
1135 1059 1205 1117 luru.
1221 1063 1293 1136 Ergo
1306 1063 1332 1118 in
1347 1063 1451 1120 diluriu
1465 1063 1613 1120 multarum
1627 1076 1762 1136 aquarum
1776 1081 1828 1119 non
1841 1073 1922 1120 reeun

283 1167 366 1225 siros,
380 1159 464 1213 etiam
476 1170 540 1214 cum
554 1173 607 1214 non
620 1157 812 1226 attenduntur,
826 1159 965 1229 irrepuut;
986 1154 1085 1212 Pecca-
1135 1163 1177 1212 est
1196 1163 1321 1226 tempus,
1344 1165 1373 1212 nt
1389 1157 1479 1230 justin
1499 1159 1708 1230 appropinquet
1726 1157 1762 1214 ad
1784 1157 1922 1224 dominnm

283 1259 349 1317 tuus,
365 1252 462 1322 lnquit,
478 1268 562 1307 neuin
575 1253 705 1325 cognitum
717 1250 781 1307 miii
792 1251 846 1321 foc.
1133 1247 1200 1321 lusti
1221 1246 1294 1307 enlin
1314 1248 1365 1304 riri
1385 1262 1437 1306 non
1459 1261 1500 1308 est
1514 1251 1581 1306 dare
1597 1252 1699 1306 anima
1711 1265 1771 1307 suas
1785 1251 1923 1315 undamn,

319 1345 347 1400 li.
364 1344 398 1400 Et
409 1347 556 1416 separarit,
570 1345 739 1418 distinguens
749 1345 1084 1418 iniquitatemapeocatm
1136 1343 1207 1400 sicut
1224 1351 1253 1400 et
1272 1343 1315 1400 ler
1336 1343 1419 1400 dlclt:
1442 1342 1503 1400 Non
1523 1345 1598 1400 dolis
1617 1345 1714 1400 mnne
1734 1353 1788 1400 tae
1801 1345 1922 1399 minin.

283 1441 347 1509 quia
362 1437 490 1510 iniquitas
503 1441 593 1512 ignota
605 1455 667 1496 essc
676 1441 787 1497 minime
800 1447 900 1513 potest.
912 1437 996 1510 Citius
1009 1437 1085 1496 rcrbl
1136 1437 1213 1507 Quod
1224 1437 1246 1494 sl
1259 1438 1320 1509 quls
1329 1437 1479 1509 profundus
1493 1449 1520 1495 et
1532 1439 1685 1494 altissimus
1700 1439 1838 1511 mysteriis
1852 1439 1923 1492 ttoni·

284 1536 372 1605 magis
391 1536 478 1606 aptior
500 1543 542 1592 est
564 1535 744 1608 significantia
766 1535 793 1591 in
816 1550 916 1607 greco.
941 1533 1085 1606 dnsdayan
1137 1540 1345 1602 numqaum,
1368 1539 1505 1589 scrutetur
1525 1532 1618 1588 omnia
1640 1531 1745 1602 judicia
1770 1532 1847 1602 ejus:
1868 1535 1923 1587 ειςΙ

283 1627 358 1685 enim
373 1637 471 1685 rocam
484 1671 491 1697 ,
505 1644 556 1700 per
571 1630 643 1700 quod
656 1629 822 1701 significatur
835 1635 942 1699 tempus
960 1640 1015 1699 qun
1028 1627 1087 1684 sinc
1137 1624 1208 1682 lorte
1222 1625 1255 1680 ad
1269 1627 1440 1682 sustinendos
1455 1641 1551 1682 omnes
1571 1625 1679 1681 tructus
1696 1625 1736 1698 (f.
1751 1624 1866 1694 flnctus)
1880 1627 1922 1696 ejas

285 1722 347 1795 lege
362 1723 459 1780 uixerit
473 1725 601 1791 mundus,
613 1739 674 1779 cnm
685 1723 773 1779 adime
787 1725 813 1779 in
826 1723 921 1795 gentili
934 1722 987 1778 rita
1001 1722 1085 1778 [teum
1138 1721 1275 1777 existimet
1291 1735 1321 1778 se
1334 1735 1413 1793 posse
1427 1721 1564 1789 sumcere,
1582 1737 1638 1778 non
1652 1723 1708 1778 crlt
1721 1723 1776 1778 iste
1790 1721 1832 1775 uir
1843 1721 1920 1792 jaun,

286 1818 416 1872 nesciret.
429 1817 530 1874 Omnes
550 1826 639 1873 autem
654 1815 778 1873 conversi
792 1815 826 1872 ad
847 1816 988 1871 Dominum
1003 1813 1087 1870 conll·
1102 1813 1126 1878 Β
1139 1829 1228 1886 neque
1245 1813 1348 1872 atilltcr
1368 1815 1395 1871 in
1415 1814 1516 1871 diluvio
1534 1831 1667 1887 aquarum
1684 1817 1835 1871 multarum
1849 1829 1920 1884 apere

284 1918 394 1968 tcantur
409 1928 521 1970 rieeesse
534 1919 587 1980 est,
606 1909 789 1967 damnabilem
803 1907 886 1967 luisse
899 1909 997 1982 prioris
1018 1918 1088 1966 tem·
1142 1909 1274 1981 pinquarc
1288 1909 1429 1965 crinabitur
1440 1924 1472 1966 re
1488 1907 1633 1965 llorninum
1653 1923 1799 1980 quaerum
1821 1909 1920 1978 muniar

286 2004 361 2075 poris
371 2004 464 2059 uitam.
488 2003 524 2060 dt
533 2018 598 2060 uero
611 2003 674 2074 quia
686 2003 789 2075 pcccati
802 2017 901 2060 nomen
913 2003 939 2057 ln
951 2002 1003 2058 linc
1023 1997 1089 2056 dell-
1140 1998 1167 2058 lu
1180 2001 1345 2058 exaltatione
1357 2001 1495 2074 sapientis
1509 2017 1585 2072 sue,
1598 2001 1730 2075 prolundl
1744 2003 1804 2074 eins
1815 2001 1921 2058 amensa

290 2098 393 2163 nimus,
408 2097 499 2167 inquo
513 2095 574 2168 quis
588 2095 669 2150 intrat
681 2095 707 2151 iu
721 2109 800 2150 etuas
811 2105 839 2151 et
850 2089 1049 2150 sollicitudines
1062 2101 1090 2148 et
1140 2095 1248 2166 pulsare
1261 2096 1466 2169 pertentaverit.
1482 2095 1526 2153 Sic
1540 2105 1566 2152 et
1580 2097 1723 2166 apostolus
1738 2095 1851 2152 Paulus:
1863 2095 1892 2148 Et
1902 2111 1923 2148 re

284 2190 464 2260 cogitationes
476 2189 583 2256 rictus,
605 2205 666 2260 qum
681 2185 855 2259 quammulto
869 2195 898 2243 et
908 2186 991 2241 variat
1005 2193 1088 2254 sunt,
1140 2191 1168 2244 io
1182 2189 1363 2258 multitudiue,
1384 2191 1439 2258 ait,
1460 2191 1659 2262 adapertionum
1679 2191 1792 2258 mum,
1812 2192 1880 2244 datas
1898 2199 1923 2242 ur

286 2296 457 2354 quarumque
480 2283 611 2353 imagines
633 2280 725 2336 inritis
744 2281 825 2336 etiam
847 2277 926 2334 bonis
937 2291 1020 2348 quarn
1034 2277 1088 2332 lre·
1140 2285 1212 2340 earni
1221 2299 1285 2339 nien
1293 2285 1426 2351 ninutas,
1441 2284 1548 2355 augelus
1561 2294 1661 2340 satam
1675 2285 1722 2354 qui
1735 2300 1778 2338 me
1790 2284 1923 2347 manlieu:

286 2386 404 2451 quanter
415 2385 579 2443 necutrrunt;
593 2375 653 2448 qnia
663 2375 750 2446 possit
762 2375 789 2429 in
798 2387 847 2430 sua
861 2371 1032 2429 observantia
1043 2369 1089 2426 de·
1141 2377 1326 2450 propterquod
1339 2390 1378 2433 ter
1392 2375 1531 2433 Dominnm
1544 2379 1650 2450 rugari:
1664 2387 1690 2432 et
1704 2377 1804 2432 dictum
1816 2387 1850 2431 est
1861 2379 1922 2429 nili:

290 2469 481 2544 prehendere!
494 2469 587 2542 ltaque
598 2484 680 2540 super
689 2467 741 2525 huc
753 2468 822 2524 bene
834 2465 963 2523 auxilium
983 2465 1018 2522 de
1034 2465 1090 2521 lieu
1141 2467 1243 2540 Sufficit
1258 2467 1303 2525 till
1315 2472 1398 2542 qratia
1411 2485 1467 2524 meu
1477 2485 1486 2524 .·
1498 2482 1557 2524 nune
1570 2469 1651 2525 uirtus
1664 2471 1693 2523 in
1707 2469 1855 2536 infirmitate
1863 2471 1922 2540 perl-

291 2563 407 2634 requlrlt
440 2563 572 2634 propheta
604 2562 739 2630 dicendo,
774 2561 858 2619 Vens.
881 2561 916 2618 5:
950 2559 1089 2617 Peccatum
1141 2563 1209 2617 citur
1230 2561 1346 2636 (llCor.
1372 2577 1428 2630 ru,
1449 2563 1553 2634 't-tt).
1573 2563 1667 2636 ltaque
1687 2573 1715 2620 et
1733 2563 1780 2620 liic
1799 2561 1921 2634 propina.

288 2671 375 2711 meum
391 2657 521 2733 coendum
533 2654 599 2712 atili
621 2655 674 2726 sac,
696 2653 817 2712 domine.
833 2655 867 2711 lit
878 2655 906 2711 ln
919 2651 971 2712 loe
984 2653 1089 2727 peccati
1140 2669 1203 2715 eum
1217 2656 1349 2714 dixisset:
1369 2659 1430 2730 quia
1448 2657 1514 2732 justi
1534 2667 1560 2714 et
1574 2657 1692 2715 humiles
1706 2661 1735 2714 tn
1749 2657 1849 2714 diluvio
1861 2673 1922 2728 aqua-

288 2765 390 2807 nomen
403 2766 418 2806 a
431 2751 566 2823 principio
579 2752 672 2808 mundi
698 2761 726 2807 et
738 2751 825 2808 terreri
838 2793 846 2818 ,
860 2750 883 2806 si
895 2751 981 2822 ipsam
994 2757 1089 2821 proto·
1141 2765 1202 2806 rum
1216 2750 1360 2806 multarum
1382 2765 1434 2806 nou
1455 2751 1712 2824 appropinquabunt
1731 2749 1766 2806 ad
1787 2749 1922 2810 nonum

287 2843 368 2914 piasti
382 2845 626 2915 transgressionem
638 2843 875 2910 discriminemus,
890 2843 1036 2898 manifesto
1050 2843 1089 2897 ln·
1142 2841 1262 2897 ostendit
1278 2843 1336 2913 ipse
1349 2857 1402 2914 qun
1415 2843 1500 2916 magis
1513 2845 1563 2900 sibi
1579 2852 1703 2915 tempore
1714 2839 1844 2900 Dominus
1854 2845 1924 2913 γεφι-

287 2935 422 2991 renlinus.
446 2936 501 2992 Sed
524 2937 559 2992 do
577 2937 629 2992 linc
648 2937 758 3007 longum
777 2937 830 2992 erit
843 2933 988 3006 persequi:
1013 2949 1090 3006 uque
1141 2942 1227 3000 ratur,
1242 2931 1324 2991 Vsus.
1340 2932 1371 2990 l:
1385 2935 1426 2990 l'u
1441 2951 1485 3004 cs,
1502 2937 1603 3008 inquit,
1619 2939 1751 3010 refugiam
1766 2954 1847 2992 maun
1863 2937 1922 2990 sui·

287 3037 380 3085 tamen
403 3043 500 3086 sensus
513 3028 734 3086 discriminantes
749 3029 820 3084 inter
836 3039 974 3100 peecatum
995 3035 1024 3084 et
1037 3027 1090 3084 inl·
1141 3027 1273 3082 iulatione
1286 3027 1459 3086 annunciante
1474 3047 1522 3084 nte.
1539 3027 1573 3084 Et
1587 3027 1630 3086 llic
1645 3043 1711 3100 ergo
1726 3033 1813 3101 magis
1826 3030 1851 3083 in
1863 3027 1921 3083 indr-

287 3124 417 3195 qnitatem
433 3125 658 3197 persequentibus
676 3139 782 3196 quoque
809 3123 1024 3179 maniicstautur.
1051 3123 1090 3179 De
1142 3119 1282 3176 ntltutlltus
1294 3119 1434 3192 gloriatur,
1447 3129 1476 3177 ut
1488 3127 1612 3193 protegat
1624 3134 1687 3178 eunt
1698 3121 1787 3176 rinus
1800 3121 1860 3189 liei,
1872 3121 1922 3175 stat

286 3229 399 3288 peceato
414 3219 486 3275 enim
500 3219 587 3290 petit,
612 3230 641 3274 ut
654 3218 791 3290 coguitum
805 3215 858 3274 sliri
882 3217 946 3286 dat;
972 3224 1001 3272 ut
1024 3231 1088 3274 reru
1102 3205 1126 3272 G
1141 3211 1241 3268 Paulus
1253 3214 1306 3267 ait:
1322 3211 1453 3268 Libentius
1466 3229 1525 3286 erqo
1544 3214 1573 3268 in
1593 3213 1788 3286 infir-irritantur
1807 3215 1863 3267 meir
1879 3213 1922 3282 qta-

288 3309 462 3382 lniquitatem
486 3327 539 3367 non
552 3310 683 3368 celaverit
703 3309 754 3366 sibi
778 3309 876 3383 inquit.
901 3307 969 3365 lllud
994 3311 1088 3378 enim,
1142 3303 1238 3374 dulor,
1252 3315 1281 3361 ut
1294 3314 1409 3380 proteget
1421 3305 1659 3364 merirtuaCltristi
1673 3307 1758 3382 (ltin.
1771 3307 1810 3382 9).
1827 3307 1923 3378 lltalqtt

287 3404 351 3476 quia
365 3401 425 3460 sine
436 3403 547 3461 scientia
565 3405 682 3460 liominis
695 3417 748 3459 nou
763 3417 821 3460 erat
832 3446 841 3472 ‚
854 3411 996 3475 supererat
1007 3403 1035 3459 in
1056 3417 1090 3459 eo
1142 3407 1170 3455 et
1183 3399 1338 3470 subjunxit:
1356 3399 1490 3457 ls'auttatio
1505 3417 1579 3467 mea,
1601 3399 1680 3458 littero
1695 3417 1739 3457 me
1752 3419 1769 3456 n
1782 3402 1922 3456 mentm

287 3497 422 3554 medicina
438 3496 597 3554 humilitatis
610 3507 639 3554 ut
651 3497 824 3555 annuntiaret
838 3495 903 3553 illud
916 3537 926 3562 ,
937 3509 964 3554 et
978 3497 1090 3554 coalte-
1142 3492 1208 3548 tium
1223 3509 1272 3549 me.
1295 3493 1437 3551 uenturum
1455 3494 1652 3552 exultationem
1673 3507 1753 3551 suam
1773 3504 1864 3552 rorat:
1878 3495 1922 3564 qest

286 3603 363 3646 reurr
373 3589 497 3646 llomlnn.
511 3589 546 3645 dt
556 3600 781 3661 rcrnpeceatum,
793 3587 996 3662 ediirrarietas
1007 3591 1089 3646 ctiam
1141 3601 1195 3642 non
1210 3585 1343 3658 glorietur
1356 3590 1465 3658 sapiens
1479 3589 1506 3644 in
1521 3587 1652 3660 sapientia
1674 3603 1743 3654 sua,
1764 3605 1848 3661 neque
1865 3587 1923 3642 lart's

219 3670 222 3673 ’
287 3679 425 3754 ignoranti
439 3693 545 3754 poterat
559 3683 711 3753 obrepere,
736 3682 813 3754 cujus
828 3680 973 3737 multitudo
995 3679 1090 3738 fallent
1141 3677 1168 3734 lu
1185 3679 1341 3737 tortitudine
1355 3695 1420 3748 sua;
1436 3679 1485 3738 sed
1501 3681 1527 3737 in
1540 3679 1592 3736 lrnc
1605 3683 1794 3754 unusquisque
1806 3683 1921 3754 guden,

287 3783 394 3846 poterat
408 3785 435 3831 et
450 3770 536 3830 latere
549 3816 556 3841 ‚
578 3782 608 3830 ut
619 3775 756 3846 cognitum
770 3773 821 3831 sibi
836 3773 914 3829 deret
928 3773 1089 3844 deprecatus
1141 3772 1214 3842 quod
1229 3773 1355 3844 cognouit
1368 3781 1395 3829 et
1406 3773 1485 3829 timet
1499 3771 1655 3830 Dominum.
1669 3771 1807 3830 Exercitatio
1819 3787 1922 3846 neom

288 3874 341 3924 est.
367 3865 557 3924 Perseverauit
571 3867 687 3938 denique
700 3867 728 3922 in
749 3863 927 3937 significantia
943 3866 1037 3934 rerbl;
1063 3871 1091 3924 et
1141 3863 1221 3920 libere
1236 3881 1276 3920 me
1289 3865 1534 3922 concremantibus
1549 3881 1599 3923 ntc.

289 3961 352 4032 quia
368 3960 537 4030 iniquitatem
549 3967 687 4032 apeccato
699 3960 853 4029 separabat,
867 3957 952 4015 dirlt:
968 3957 1033 4034 Epo,
1049 3960 1090 4015 in·
1176 3960 1204 4016 l.
1221 3959 1303 4017 llsns.
1319 3959 1347 4017 8.
1371 3957 1521 4034 lntelligam
1530 3971 1554 4016 et
1563 3961 1710 4034 conjungar
1730 3961 1777 4019 tili
1799 3963 1825 4016 in
1842 3959 1879 4014 ris
1890 3959 1924 4010 ts

290 4053 349 4124 quit
362 4095 369 4122 ,
382 4053 533 4109 renuntiato
544 4055 680 4110 aduersum
692 4069 733 4108 ma
741 4053 902 4125 iniquitatem
913 4067 996 4107 meant
1008 4095 1016 4117 ,
1034 4051 1090 4108 De-
1139 4067 1190 4126 qun
1211 4051 1372 4111 ambulabis:
1395 4053 1502 4126 firmado
1522 4055 1549 4109 in
1570 4063 1594 4109 te
1615 4055 1704 4109 oraim
1719 4069 1802 4110 meas.
1822 4054 1925 4124 Sequitur

288 4147 369 4204 nisiae.
394 4145 470 4202 Adeo
484 4157 512 4202 et
530 4144 575 4202 lde
594 4160 649 4201 non
669 4151 813 4216 peccatum
831 4159 921 4201 meum
936 4145 1086 4214 nniuauo,
1141 4155 1307 4222 preceptum
1331 4146 1404 4222 quud
1427 4146 1587 4204 mandatur:
1613 4145 1678 4203 Post
1700 4145 1843 4203 liminari
1861 4145 1925 4200 lien

287 4236 412 4305 Domine,
427 4237 475 4294 sed
489 4237 669 4309 iniquitatem.
685 4238 829 4294 Peccatum
842 4237 914 4292 enlm
926 4236 1088 4292 annuntiare
1141 4249 1213 4296 tuum
1225 4239 1378 4296 ambulatis.
1392 4239 1427 4297 Ει
1437 4237 1490 4297 lroe
1504 4250 1544 4296 est
1560 4239 1646 4296 fidelis
1660 4240 1713 4306 vir,
1726 4255 1782 4296 non
1796 4241 1846 4295 sili
1857 4239 1924 4310 ipsa·

285 4329 767 4403 nunpoterat,cu1uscognitionem
785 4327 1090 4400 stutqnmetntaua·
1140 4335 1345 4406 digererem,
1360 4333 1409 4390 sed
1424 4335 1512 4405 ipsum
1529 4331 1604 4406 sequi
1623 4334 1696 4389 dam
1716 4349 1799 4406 quana
1820 4335 1924 4390 mittin

287 4426 373 4482 nino.
387 4429 421 4480 tt
433 4441 498 4482 vero
509 4427 676 4497 iniquitatem
691 4437 771 4497 quam
786 4425 812 4480 in
826 4421 989 4480 conscientia
1003 4423 1087 4479 liabe-
1139 4425 1276 4494 ostendit,
1297 4426 1363 4483 iilud
1385 4435 1480 4498 putare
1500 4433 1603 4483 rectum
1630 4425 1702 4497 quod
1730 4427 1778 4484 illc
1801 4427 1923 4483 mandarit·

287 4518 345 4581 bat,
367 4517 448 4585 nanc,
461 4521 508 4586 ait,
524 4515 692 4575 annuntiabo
705 4518 848 4575 aduersum
873 4531 1021 4573 nrceurarn
1036 4515 1088 4572 un
1141 4519 1332 4591 Dcnlquealt:
1347 4517 1924 4593 confirmabuntteceulusntenr‚·utstilirtt

290 4611 376 4668 ntinn.
401 4611 538 4682 lniqnitati
558 4612 630 4668 enim
645 4612 698 4668 alia
713 4613 786 4668 nullu
801 4610 933 4668 medicina
951 4617 1016 4676 est,
1037 4609 1088 4665 nisi
1102 4601 1128 4665 D
1142 4613 1246 4670 nullum
1262 4612 1335 4670 aliud
1352 4615 1405 4670 iter
1417 4601 1544 4682 rideant,
1561 4613 1612 4669 nisi
1634 4613 1707 4682 quod
1733 4611 1833 4684 dirigar
1852 4611 1923 4667 nani·

286 4703 423 4760 eonlcssio
440 4704 473 4758 ad
488 4703 582 4759 [teum.
610 4703 737 4762 Facimus
750 4704 822 4760 enim
844 4702 1000 4774 ignoranter
1013 4699 1086 4773 qnod
1140 4721 1209 4762 iius:
1226 4705 1298 4778 qund
1311 4703 1349 4761 alt
1361 4705 1390 4762 in
1402 4702 1457 4762 allo
1471 4705 1576 4777 psalmo
1588 4705 1778 4762 manifestius:
1793 4703 1924 4762 Statarii

230 4855 235 4862 ,
286 4799 407 4871 agnitum
424 4796 488 4852 iacit
502 4795 653 4866 Drinium,
680 4813 740 4854 cnm
757 4799 923 4870 agnitionem
945 4795 1005 4866 elus
1019 4809 1086 4850 coir·
1140 4801 1242 4856 nticiltoe
1252 4799 1278 4854 ln
1292 4797 1412 4854 inanibus
1425 4799 1536 4854 domine
1547 4813 1609 4862 sue,
1621 4801 1659 4855 ric
1671 4799 1742 4854 oculi
1755 4801 1836 4856 nostri
1847 4791 1877 4852 nd
1887 4795 1924 4850 lte

285 4890 492 4960 reminiscent,
504 4901 532 4946 et
544 4900 708 4949 neeesseest
718 4891 877 4960 poenitentia
891 4897 1085 4961 consequatur.
1140 4897 1240 4952 minum
1253 4905 1366 4952 nostrum
1380 4893 1467 4970 (Paul.
1488 4909 1576 4959 arrii,
1589 4893 1642 4968 2);
1656 4895 1782 4964 scilieet,
1803 4911 1855 4951 nm
1870 4891 1923 4964 qus-l

283 4987 324 5044 ltu
340 4997 400 5059 pust
416 4984 584 5059 iniquitatem
599 4984 669 5041 lianc
682 5028 689 5053 ,
704 4987 726 5041 si
739 4985 881 5042 confessus
901 4982 980 5039 luerit
992 4993 1086 5038 coram
1142 4991 1192 5063 ipsi
1208 5005 1299 5045 vernn
1314 4991 1455 5046 intendere
1469 4987 1634 5060 dirigantur:
1656 4989 1706 5045 sed
1727 4991 1803 5061 quod
1819 4989 1923 5044 nontin

286 5083 415 5148 llomino,
429 5086 458 5138 et
469 5078 670 5136 annuntiaverit
687 5079 759 5136 illam
770 5080 913 5137 adversum
927 5093 969 5147 se,
983 5079 1089 5135 scilicet
1141 5081 1276 5138 conuertit
1288 5081 1382 5138 oeulos
1397 5089 1523 5149 nostros,
1545 5079 1573 5135 in
1593 5079 1671 5151 cuitus
1684 5081 1814 5136 manibus
1825 5095 1880 5136 esse
1890 5079 1922 5134 le

285 5185 429 5230 accusator
441 5173 483 5230 sui
496 5172 592 5240 lamiis,
612 5171 728 5228 redimet
742 5173 909 5244 impietatem
923 5169 1014 5230 cordis
1034 5173 1087 5228 sui.
1141 5173 1260 5252 luebunt3
1276 5183 1302 5231 et
1318 5173 1380 5246 qula
1396 5175 1422 5230 ln
1437 5173 1497 5247 ejns
1510 5181 1644 5246 potestate
1656 5160 1773 5241 sinaut
1788 5175 1884 5247 aperiat
1896 5171 1922 5226 n'·

285 5267 322 5324 Et
346 5267 391 5325 liic
412 5267 538 5341 prudenti
551 5267 658 5324 ratione
674 5267 730 5322 aitt
746 5264 831 5324 utet:
849 5267 1021 5338 nonantulo
1040 5265 1088 5322 otl-
1140 5283 1199 5324 sum
1215 5275 1357 5337 nostrum,
1371 5267 1416 5325 ulti
1429 5267 1546 5326 claudat.
1923 5277 1928 5291 ‘

284 5372 387 5416 uersum
401 5377 442 5416 nae
450 5359 612 5432 iniquitatem
629 5372 723 5426 meunt,
736 5357 862 5429 Domina.,·
878 5371 904 5417 ct
920 5370 949 5416 tu
964 5358 1087 5416 remisisti
1176 5359 1203 5418 8.
1225 5357 1303 5432 Quod
1323 5361 1418 5434 siquis
1439 5363 1472 5418 od
1493 5359 1545 5418 ltoe
1558 5361 1693 5434 refugium
1708 5361 1830 5419 Delium
1848 5369 1922 5429 spottt

284 5453 441 5527 impietatem
461 5455 546 5511 cordis
564 5454 625 5510 mei.
650 5450 770 5525 lienique
785 5453 830 5524 qul
844 5455 1011 5527 iniquitatem
1031 5468 1086 5512 non
1139 5453 1267 5520 accedat,
1283 5453 1420 5510 diseamus
1429 5453 1565 5527 quomrmo
1576 5455 1655 5511 talem
1667 5455 1784 5528 castigat
1796 5455 1920 5526 propbeta.

283 5548 430 5603 eurrdtetur
443 5547 579 5616 domitio,
598 5546 757 5618 'superbiam
780 5545 922 5603 aduersum
941 5547 1085 5602 [luminum
1140 5545 1182 5603 cui
1197 5557 1352 5618 comparet,
1370 5547 1433 5618 quid
1450 5545 1600 5619 prnldbeat.
1616 5547 1725 5614 llolr'tc,⁴
1740 5549 1843 5620 inquit,
1855 5545 1922 5601 lm.

290 5641 397 5713 recipit,
421 5657 453 5698 ac
467 5643 507 5698 sic
527 5641 693 5712 impietatem
710 5636 833 5711 acquirit.
859 5635 999 5697 [lominum
1014 5643 1086 5698 enlm
1140 5641 1169 5706 u,
1183 5641 1240 5710 fieri
1254 5643 1319 5697 sicut
1330 5657 1409 5714 equus
1422 5653 1446 5699 ct
1457 5641 1554 5707 ndns,
1568 5643 1661 5713 quitus
1672 5659 1726 5699 nora
1737 5652 1777 5700 est
1789 5643 1921 5698 intelletum

287 5745 342 5787 nnn
356 5737 479 5806 agnoscit
496 5744 599 5806 patrem
622 5736 704 5792 totius
716 5744 859 5793 creaturae.
884 5733 1005 5804 Contra,
1025 5749 1088 5807 pro·
1141 5733 1228 5792 llomu
1247 5735 1319 5793 enlm
1340 5735 1424 5792 verbo
1438 5737 1606 5809 obsequitur,
1621 5743 1648 5793 et
1661 5739 1695 5793 ad
1711 5750 1807 5794 rocem
1821 5733 1921 5792 amad.

289 5821 372 5894 picta
383 5841 444 5880 euin
456 5826 503 5897 qul
512 5825 696 5899 ccnllteldtur,
709 5837 742 5884 ac
752 5841 801 5899 per
811 5827 863 5885 ltoc
874 5823 1022 5898 impietatis
1034 5825 1089 5886 crl·
1141 5825 1177 5885 dt
1192 5843 1256 5888 rere
1268 5829 1366 5902 quibus
1379 5829 1430 5888 diei
1444 5839 1533 5902 potest
1543 5849 1550 5886 ι
1560 5829 1675 5899 Quadri
1689 5841 1714 5890 st
1726 5849 1779 5891 non
1792 5831 1842 5904 luit
1855 5830 1923 5895 lorti
