4042 6342
64 275 140 334 tutu
492 269 767 328 COMMENTARIUS
787 267 821 324 lN
841 231 1058 324 unrrttmtltt.
1079 265 1155 322 cur.
1178 263 1272 322 xxiv.
1651 261 1724 321 lusu

102 390 133 446 i.
149 388 294 445 Cbnritntis
313 397 337 442 ιι
351 387 506 443 inutilitatis
526 395 665 457 precepta.
677 383 825 439 -llcrum
841 382 867 438 in
882 379 1092 458 Aeldcierrtiam
1130 378 1297 447 continebat,
1322 378 1371 436 sed
1396 378 1577 436 meditabatur
1597 367 1720 434 allectus.

63 483 238 538 contrarium
249 481 389 555 discipulis
396 483 453 552 jam
463 479 652 536 rescientibus
667 476 870 534 totiuslmmili-
921 472 988 529 Nam
1007 483 1119 530 ornatus
1138 473 1224 528 altarii
1239 481 1320 542 atque
1336 474 1427 544 templi
1444 490 1496 529 uon
1510 471 1671 544 dignitatem
1683 469 1718 529 de

66 575 133 629 tatis
154 581 296 644 praeopta
322 581 504 638 consummat,
531 580 560 627 ιιι
577 569 752 627 meminerint
775 583 870 624 ouines
921 565 994 621 cultu
1005 565 1179 634 conciliabat,
1201 564 1248 621 sed
1267 561 1417 621 futurorum
1434 566 1552 637 speciem
1569 561 1717 620 dedecore

68 666 174 724 iratres
197 681 259 723 csse
280 681 321 732 se,
335 665 362 720 id
382 673 436 732 est,
455 665 524 718 lilios
539 663 657 732 parentis
676 663 765 728 unius,
781 669 808 716 ιι
822 675 871 732 per
922 655 1049 729 iungebat.
1066 659 1133 715 Nam
1155 674 1261 724 aurum,
1276 667 1429 728 argentum,
1450 673 1498 727 ms,
1521 655 1717 727 aurichalcum,

64 773 147 814 norae
168 759 318 814 nativitatis
341 757 542 828 generationem
564 756 664 814 terreni
685 762 760 810 ortus
774 768 869 809 croes-
921 737 1085 821 margaritae,
1111 750 1256 824 crystallus
1277 750 1414 821 propriam
1437 750 1644 823 significantiam
1669 761 1720 820 pro

63 852 137 908 sisse
150 850 308 922 primordia,
322 858 350 906 et
367 866 449 906 rrnum
464 850 515 906 sibi
531 863 592 905 esse
607 850 733 906 omnibns
750 847 869 906 caelestis
922 853 1018 899 natura
1036 844 1247 916 uniuscnjusque
1263 844 1370 899 'mctalli
1393 845 1619 915 complectemur.
1639 842 1722 914 lgitur

64 943 201 1000 doctrinm
217 943 392 1014 magistrum,
413 951 441 998 et
454 942 566 1014 gloriam
579 941 690 998 lrorroris
708 942 802 997 aeterni
817 939 868 996 lm·
921 935 1068 1020 redarguit,
1084 937 1155 1009 quod
1169 952 1264 994 aurum
1281 934 1375 1008 templi
1385 946 1413 994 ct
1423 936 1493 993 dona
1504 937 1598 992 altaris
1611 951 1661 1009 pro
1676 950 1722 990 sa-

66 1036 194 1093 militatis
211 1038 379 1093 conscientia
397 1034 682 1108 capesserrdam;nuia
694 1034 868 1091 insolentiam
923 1041 1123 1087 crementorum
1155 1031 1285 1102 religione
1306 1038 1520 1097 resacrarentur3
1546 1043 1608 1086 curn
1633 1029 1722 1085 bonor

68 1130 140 1184 licus
151 1128 280 1184 immilem
293 1128 439 1186 erecturus
450 1128 496 1194 sit,
515 1135 543 1184 et
556 1126 736 1185 humilitatem
749 1128 888 1184 elaturus
922 1127 1013 1198 potior
1032 1136 1103 1182 esset
1119 1136 1146 1182 et
1160 1127 1253 1183 altaris
1275 1135 1303 1184 et
1317 1126 1421 1197 templi,
1443 1125 1504 1196 uuia
1519 1126 1552 1182 ad
1568 1123 1720 1182 luturorum

68 1224 97 1279 in
109 1222 227 1292 gloriam
244 1220 324 1293 (ibid.
343 1221 430 1294 eli).
921 1211 1084 1293 speciemct
1100 1234 1194 1276 aurum
1210 1219 1313 1290 templo
1337 1227 1365 1276 et
1378 1217 1478 1274 dorium
1492 1217 1665 1274 dedicaretur
1681 1211 1722 1272 al·

103 1315 267 1371 eruamur
282 1313 413 1370 Christum
425 1315 567 1388 respuendo
580 1315 702 1370 claudunt
718 1315 819 1370 coelurrr.
833 1344 870 1356 -
922 1315 983 1371 tari.
1006 1315 1041 1371 lit
1054 1313 1115 1370 ideo
1132 1314 1293 1371 adveniente
1308 1313 1418 1370 cbristo
1431 1311 1555 1368 inutilem
1578 1325 1639 1368 esse
1653 1310 1721 1368 ider·

72 1409 121 1464 l'n·
135 1407 207 1464 uobis
222 1405 358 1464 Scriberet
373 1407 502 1464 Pisoniani
520 1409 670 1482 igpocrinr,
687 1409 732 1478 qui
743 1407 780 1481 (n)
796 1406 869 1462 ciuu-
921 1411 991 1467 ciam
1007 1410 1093 1481 legis:
1110 1409 1171 1481 qrria
1193 1423 1245 1464 non
1262 1409 1288 1463 iu
1302 1409 1361 1480 lege
1371 1406 1507 1474 Christus,
1523 1405 1571 1462 sed
1584 1407 1627 1464 lex
1640 1420 1720 1462 sanc-

69 1501 130 1556 ditia
149 1517 257 1574 reguum
274 1501 395 1555 reiorum
409 1499 446 1574 (ᾖ
468 1500 526 1574 lb).
547 1502 754 1558 simulationem
774 1516 869 1556 corum
922 1502 1070 1559 dicaretur
1085 1501 1112 1556 in
1125 1500 1242 1565 Christo,
1257 1499 1284 1556 in
1299 1515 1350 1571 quta
1364 1501 1446 1557 reluti
1461 1499 1540 1557 sedes
1552 1497 1721 1568 thronusque

72 1609 162 1662 pmnre
177 1591 372 1662 significatione
383 1591 554 1648 condemnat.
573 1591 699 1648 roenna
711 1607 762 1648 nox
776 1591 871 1648 dolen·
921 1595 958 1671 (a)
970 1596 1022 1653 sibi
1036 1597 1139 1668 positus
1151 1595 1196 1651 sit.
1210 1594 1260 1663 Qui
1275 1595 1337 1666 quia
1353 1593 1495 1667 religiosus
1506 1593 1721 1659 lrabeatnr,reli·

74 1687 109 1743 tis
131 1695 182 1742 cst.
197 1686 328 1743 claudere
348 1694 438 1741 autem
457 1701 504 1742 eos
519 1702 632 1758 reguum
653 1687 784 1743 coelorum
808 1686 869 1742 ideo
920 1693 1028 1763 gionem
1042 1691 1076 1745 ab
1085 1706 1119 1746 eo
1130 1699 1242 1746 neeesse
1256 1689 1350 1758 estqui
1364 1689 1390 1744 iu
1405 1688 1451 1744 illo
1470 1687 1594 1744 considat
1604 1700 1720 1758 accepe-

74 1779 121 1843 ait,
142 1780 205 1850 qrria
223 1779 250 1834 in
262 1778 321 1851 lcge
341 1778 543 1836 meditationem
558 1779 618 1851 ejrrs
630 1795 691 1852 qum
710 1779 738 1835 iu
760 1778 869 1835 Christo
884 1787 907 1848 Β
922 1784 956 1839 rit
971 1791 1071 1854 :atque
1090 1780 1125 1838 ita
1143 1781 1219 1837 stulti
1234 1779 1354 1848 caecique
1370 1783 1434 1846 sint,
1451 1779 1639 1837 sanctificante
1653 1793 1722 1850 prae·

72 1878 116 1926 cst
140 1872 263 1927 veritatis
282 1873 429 1940 occultent,
454 1883 481 1928 ιι
500 1887 662 1943 corporeum
687 1873 832 1930 adrentum
852 1889 867 1928 a
921 1876 1014 1945 terito,
1026 1874 1194 1932 sanctificata
1210 1883 1371 1932 venerantes
1386 1872 1424 1946 (i
1445 1872 1503 1938 lii.

68 1963 213 2034 propbetis
225 1964 398 2035 praedicatum
417 1964 548 2022 doctrinae
560 1967 735 2023 simulatione
753 1967 869 2023 abscon·
956 1972 983 2026 'l.
999 1970 1085 2041 liparo
1096 1979 1212 2034 catuna,
1226 1969 1275 2024 etsi
1289 1985 1341 2024 nou
1355 1968 1504 2034 omittendo,
1514 1968 1624 2024 internis
1637 1975 1723 2022 tomen

67 2055 155 2124 dant;
181 2058 287 2130 ipsique
317 2073 369 2114 non
396 2058 526 2115 adeuntes
551 2059 622 2116 riam
649 2061 809 2117 aeternitatis
841 2061 868 2117 in
919 2062 1054 2119 uirtutibus
1069 2061 1304 2133 posthabendu-
1321 2058 1367 2116 Vre
1390 2046 1459 2116 uobis
1474 2059 1573 2117 sertin
1587 2069 1610 2114 ιι
1626 2056 1723 2112 Picari-

66 2147 191 2218 Cluristo,
206 2150 283 2207 adire
296 2167 403 2224 utroque
418 2162 535 2208 caeteros
547 2168 601 2209 non
621 2154 720 2209 sinant.
771 2179 778 2189 ·
919 2160 965 2214 reci
975 2157 1126 2230 ippocritre,
1140 2157 1185 2229 qui
1202 2156 1334 2211 declaratis
1353 2153 1484 2210 mortium
1504 2163 1529 2208 et
1550 2150 1683 2218 anelinum,
1699 2160 1723 2207 et

47 2276 48 2279 ¹
105 2242 133 2297 4·
150 2242 477 2314 Quiimponontnliia.-
496 2244 540 2300 ΥΦ
555 2245 624 2300 ιοῦἱδ
644 2245 779 2301 Scrt'dwel
799 2244 870 2300 Pha·
920 2268 995 2308 orune
1011 2251 1080 2316 olata,
1102 2257 1131 2306 et
1150 2247 1348 2322 reliquailbid.
1367 2247 1426 2321 is).
1451 2247 1548 2303 lientis
1569 2246 1673 2303 occulta
1695 2255 1724 2302 et

69 2334 304 2408 limitelimite),
317 2337 603 2409 dticmdt'lr'rdottwr
614 2338 867 2412 viduoruut(ild)·
920 2345 1064 2401 obscuram
1082 2343 1251 2400 voluntatum
1275 2339 1443 2412 iniquiuuent
1467 2339 1605 2411 redarguit
1625 2355 1632 2393 :
1649 2336 1723 2408 quod

70 2429 139 2488 lliuc
154 2435 206 2488 illu
221 2433 419 2490 suntreritatis
431 2433 540 2502 inliciae,
563 2433 627 2491 binc
639 2434 771 2492 redonandae
787 2442 869 2490 cacto·
921 2449 953 2491 ca
967 2449 1030 2504 oute
1043 2435 1069 2488 in
1093 2431 1205 2488 decimis
1229 2431 1348 2488 montlieu
1370 2439 1452 2502 atque
1476 2430 1567 2487 anetni
1585 2429 1627 2486 lex
1650 2445 1721 2502 proc·
1764 2431 1770 2436 '

70 2524 109 2578 ris
122 2524 218 2581 salutis
228 2525 364 2592 inhibitio,
376 2535 405 2581 et
418 2526 493 2596 regni
508 2527 628 2583 coelestis
639 2527 786 2594 obseratio,
802 2538 830 2582 ut
842 2531 868 2582 in
920 2528 1016 2584 scribit
1028 2526 1159 2594 ciliciam,
1174 2534 1202 2581 ut
1215 2527 1329 2595 implere
1344 2525 1471 2596 legcmab
1485 2509 1638 2580 bominibus
1651 2524 1724 2580 exis·

69 2617 205 2673 obeundis
225 2618 366 2674 nidnamm
387 2618 513 2674 domibus
528 2620 676 2675 retineatur
697 2619 819 2684 ambitio,
840 2627 870 2676 ut
922 2621 1071 2686 timentur3
1087 2617 1300 2675 miscricordiam
1316 2633 1381 2674 vero
1395 2627 1477 2688 atque
1491 2616 1625 2688 justitiam
1647 2628 1674 2673 et
1690 2615 1723 2671 ir·

70 2708 156 2781 longae
169 2711 300 2767 orationis
314 2711 469 2782 dignatione
488 2713 649 2785 spolientur,
665 2725 693 2769 ut
707 2714 741 2770 ab
754 2713 796 2770 bis
813 2729 870 2771 cm·
920 2713 982 2769 dem
1005 2722 1033 2769 et
1047 2727 1155 2768 omnem
1179 2711 1377 2768 berreuoleutiac
1399 2707 1524 2765 allectum
1549 2708 1721 2780 reliquerint,
1807 2715 1808 2718 ’

47 2844 48 2859 ι
70 2799 146 2857 lestis
166 2803 287 2874 cognitio
312 2811 449 2872 umquam
470 2819 485 2858 a
506 2803 635 2860 thesauro
654 2807 780 2876 repositae
798 2820 869 2876 opu·
921 2806 992 2877 quod
1010 2805 1148 2877 proprium
1174 2803 1292 2861 bominis
1315 2801 1434 2859 elicium
1455 2810 1506 2858 est.
1522 2801 1589 2870 Quia
1604 2801 1725 2858 decima-

47 2934 48 2945 ,
71 2894 162 2951 lemiae
182 2904 339 2966 expetatur,
366 2903 395 2950 ut
417 2894 485 2967 legis
504 2895 621 2968 dignitas
641 2899 736 2968 gratiae
760 2897 870 2953 silentio
921 2901 960 2957 tio
979 2900 1023 2954 illa
1044 2899 1148 2967 oleris,
1170 2913 1231 2970 quae
1252 2899 1279 2952 in
1304 2893 1549 2967 praeformationem
1571 2895 1723 2951 iuturormu

70 2994 237 3056 perseveret.
250 2987 284 3042 Et
296 2986 358 3042 ideo
371 2985 506 3058 accipient
516 2989 634 3060 amplius
648 2988 792 3059 judicium,
806 2990 870 3061 quia
921 3000 982 3050 erat
1003 2991 1088 3060 utilis,
1114 3006 1167 3047 uon
1193 2990 1309 3064 debebat
1331 2988 1419 3044 omitti
1437 3005 1443 3043 :
1458 2987 1531 3044 clici
1553 2997 1644 3044 alutem
1673 2987 1725 3043 boc

69 3087 96 3132 et
106 3093 216 3148 plenam
232 3078 333 3150 proprii
348 3079 462 3148 peccati,
476 3081 504 3134 et
514 3091 620 3136 reatum
632 3081 728 3138 alicnc
744 3083 871 3154 ignoran·
921 3087 1075 3157 oportebat,
1091 3091 1121 3140 ιιι
1134 3083 1196 3140 lidei
1216 3092 1243 3139 ιι
1254 3083 1368 3154 justitiru
1381 3090 1409 3137 et
1430 3079 1625 3137 misericordiae
1638 3079 1723 3150 parti-

72 3171 115 3226 ῑῑίῡ
129 3171 278 3228 debebunt.
883 3180 973 3247 Gbus
994 3177 1091 3246 iuncti,
1119 3193 1171 3232 nou
1198 3177 1350 3232 imitatione
1374 3176 1518 3247 lingenda,
1540 3173 1587 3230 sed
1607 3174 1723 3231 veritate

105 3266 132 3322 5.
159 3264 259 3320 Eorum
274 3267 361 3322 odium
384 3267 412 3322 in
435 3265 618 3340 Euonpelium.
642 3269 694 3338 Qui
719 3287 794 3340 poeno
821 3271 872 3326 du·
923 3271 1076 3328 retinendae
1099 3271 1244 3326 voluntatis
1264 3270 1391 3341 operibus
1406 3270 1585 3340 placeremus.
1606 3267 1640 3322 Et
1661 3268 1723 3338 quia

73 3359 133 3428 plici
147 3359 284 3432 plectendi.
298 3391 334 3402 -
348 3360 474 3417 l'aeoobia
489 3362 589 3418 Scribe
608 3364 771 3422 etl’imriuri
790 3366 872 3439 ippo-
923 3367 1015 3422 minus
1043 3364 1142 3435 piaculi
1171 3373 1259 3434 esset,
1287 3363 1495 3422 decimationem
1522 3361 1606 3418 oleris
1633 3363 1724 3434 potius

71 3453 156 3520 ιιίιιι,
172 3452 216 3522 qui
231 3455 344 3510 circuitis
362 3471 433 3509 more
452 3447 477 3510 e‘t
497 3457 598 3511 aridam
610 3455 648 3532 (y
672 3457 730 3529 iil.
743 3460 825 3516 liaris
844 3467 873 3515 et
923 3476 1003 3535 quam
1022 3459 1219 3516 benevolentiae
1242 3457 1360 3514 elicium
1381 3458 1541 3530 preterire;
1557 3455 1653 3511 irridet
1674 3469 1724 3510 eo-

72 3554 154 3602 terrae
169 3551 356 3618 peragratione
377 3547 522 3620 signiticat,
540 3549 566 3605 in
588 3552 652 3607 totis
675 3550 751 3608 orbis
773 3553 872 3609 linibus
923 3567 983 3608 rum
995 3552 1022 3607 in
1036 3551 1158 3608 colandis
1169 3551 1300 3607 culicibus
1311 3551 1614 3622 diligentiumquorum
1627 3548 1652 3602 in
1665 3547 1725 3619 glu-

74 3653 122 3696 eos
149 3655 212 3716 esse
236 3640 335 3697 Christi
361 3641 510 3714 Evangelio
532 3645 741 3712 obtrectaturos,
762 3657 790 3704 ιι
802 3648 871 3720 legis
924 3645 1022 3702 tiendis
1036 3645 1149 3702 camelis
1164 3654 1236 3701 essct
1257 3647 1371 3714 incuria,
1388 3655 1496 3716 peccatu
1516 3643 1640 3700 uidelicet
1656 3642 1724 3698 levia

69 3731 134 3804 jugo
153 3744 247 3788 contra
257 3733 477 3805 justificationem
489 3736 558 3809 ,ndei
573 3738 677 3811 aliquos
693 3740 870 3798 subdituros:
924 3737 1088 3804 vitantium,
1114 3747 1141 3794 el
1166 3737 1257 3810 gravia
1270 3735 1350 3808 (artu.
1377 3735 1507 3809 grandia)
1534 3735 1724 3791 devorantium

71 3824 204 3898 proselyti
217 3827 293 3882 cuim
316 3837 379 3883 sum
400 3842 433 3883 er
454 3829 580 3899 gentibus
595 3832 621 3886 in
634 3831 806 3904 Synagngam
827 3849 872 3892 re·
926 3830 962 3905 (γ
984 3828 1043 3904 ii).
1061 3829 1113 3886 l’ar
1127 3844 1235 3901 quoquc
1256 3829 1282 3884 in
1302 3841 1349 3884 cos
1365 3843 1452 3899 poeuae
1466 3827 1645 3894 ,rlcuuutiatio
1669 3834 1722 3893 cst,

71 3919 155 3990 cepti.
179 3921 301 3987 Quortrm
322 3919 473 3976 lutrrrorum
492 3923 590 3979 raritas
602 3925 629 3979 in
648 3941 703 3980 uno
718 3925 757 4000 (i)
771 3928 874 3984 indica·
924 3926 970 3996 qui
980 3925 1081 3979 calices
1096 3931 1125 3978 et
1134 3916 1294 3995 paropsides
1303 3913 1473 3978 extrinsecus
1484 3920 1617 3986 eluentes,
1629 3935 1723 3976 eorum

73 4019 116 4067 tur
134 4031 141 4066 :
159 4028 249 4083 neque
272 4013 345 4070 enim
368 4023 430 4085 post
447 4013 549 4071 Christi
571 4017 788 4086 praedicationem
810 4020 874 4076 doc-
925 4018 1054 4074 interiora
1070 4031 1122 4070 aon
1142 4015 1274 4071 mundent
1289 4015 1325 4086 (i
1346 4013 1393 4084 25)
1411 4032 1417 4067 ι
1432 4013 1623 4082 etiactantiam
1641 4012 1722 4068 inuti-

73 4106 156 4161 trinae
168 4121 261 4162 corum
275 4105 341 4162 ides
352 4107 446 4163 relicta
459 4117 510 4164 est.
527 4109 580 4164 Sed
596 4111 719 4181 quisquis
733 4109 815 4168 iuerit
829 4127 875 4167 ac·
926 4111 959 4168 lis
974 4109 1056 4166 studii
1074 4118 1227 4182 sequentes,
1244 4108 1367 4164 utilitatis
1390 4106 1517 4178 perlecta
1538 4106 1718 4166 ministerium

72 4204 192 4271 quisitus
207 4201 242 4258 ad
264 4203 383 4274 plebem,
400 4204 471 4260 lilius
485 4203 515 4259 ilt
528 4205 671 4275 gehennae,
687 4221 774 4278 proenae
788 4208 873 4264 sobo·
927 4204 1126 4274 derelinquant.
1142 4199 1241 4258 Calicis
1257 4215 1373 4271 namque
1396 4213 1460 4254 usus
1483 4200 1596 4255 interior
1608 4209 1649 4257 est
1661 4216 1668 4253 :
1681 4199 1727 4270 utri

72 4293 124 4360 les,
147 4304 175 4349 et
189 4295 383 4367 acternijudicii
398 4297 479 4371 785
501 4297 667 4354 laacreditas:
689 4299 752 4368 quia
766 4298 875 4370 adoptio
926 4298 948 4354 si
963 4296 1146 4362 obsorduerit,
1166 4295 1229 4370 quid
1251 4289 1370 4366 proiciet
1393 4294 1463 4350 lotus
1478 4295 1619 4350 exteriusl
1637 4298 1725 4365 Atqrrc

73 4404 108 4443 cx
122 4389 252 4460 gentibus
266 4390 382 4446 Aurana
396 4390 524 4446 lautitiam
539 4392 640 4447 lactura
651 4393 695 4447 sit.
711 4390 774 4447 ldeo
785 4403 874 4448 autem
926 4390 987 4447 ideo
1001 4389 1137 4446 interioris
1155 4389 1330 4445 conscientie
1352 4389 1422 4443 nitor
1446 4395 1489 4443 est
1508 4387 1682 4456 obtinendus,
1697 4400 1727 4446 ut

73 4479 477 4553 poerraeduplicataeeritilius‚
494 4483 555 4553 quia
577 4499 667 4555 neque
687 4485 874 4540 remissionem
927 4499 958 4537 ca
981 4497 1043 4554 qum
1064 4481 1187 4553 corporis
1208 4489 1270 4536 sum
1293 4479 1445 4537 forinsecus
1464 4481 1589 4537 eltrautnr
1606 4479 1642 4556 (i
1664 4480 1724 4554 iot.

72 4584 249 4646 peccatorum
263 4576 300 4631 sit
315 4575 458 4648 gentilium
471 4583 644 4640 consecutus,
665 4585 692 4631 ct
715 4579 873 4635 societatem
887 4574 1064 4648 DSepulcris
1074 4590 1180 4648 quinque
1190 4591 1237 4631 ιιι
1248 4557 1425 4645 compararit,
1439 4589 1499 4646 qutc
1511 4573 1631 4629 ltuntauo
1644 4590 1727 4646 opere
1748 4623 1754 4634 ,

73 4681 172 4722 eorum
184 4666 373 4737 quiiCbristum
389 4667 524 4736 persecuti
539 4677 603 4722 sunt
617 4666 783 4724 sitsecutns.
926 4671 1054 4741 cultuque
1070 4667 1153 4742 786
1177 4667 1358 4738 splendentia,
1381 4677 1548 4721 mortuorum
1572 4666 1678 4722 ossibus
1699 4675 1727 4723 ct

109 4762 139 4817 o.
152 4758 208 4815 Lea
218 4764 365 4830 futurorum
376 4760 471 4831 [muta.
483 4760 556 4815 ceder
568 4770 606 4815 cat
616 4770 641 4814 ιι
648 4760 758 4816 tironus
767 4760 873 4818 Curiati.
925 4764 1087 4821 cadaverum
1100 4763 1276 4820 inuuunditlis
1289 4762 1403 4818 liuterius
1420 4761 1579 4817 sordescant
1593 4759 1630 4830 (ἲ
1654 4759 1700 4830 27)
1715 4775 1723 4815 ε

74 4851 179 4909 Cirristo
190 4852 339 4906 adveniente
352 4851 517 4906 curinutiiia.
529 4881 566 4893 -
576 4851 624 4907 Vm
633 4852 704 4907 oobia
715 4853 792 4909 duces
803 4853 874 4924 cccci,
926 4854 1075 4929 praeierant
1088 4853 1192 4910 scilieet
1207 4853 1332 4910 inanibus
1341 4853 1430 4910 uerbis
1440 4852 1552 4924 justitior
1567 4851 1727 4922 speciosita-

74 4948 119 5018 qui
133 4945 221 5000 dicitis
232 4942 410 5009 :Quicumque
425 4943 593 5014 juraveritis
607 4946 740 5016 temptum,
758 4947 825 5002 nibil
839 4958 877 5002 cat
928 4959 993 5014 lem,
1008 4947 1201 5002 ltnlaeantvero
1222 4947 1293 5002 intra
1308 4959 1338 5002 se
1354 4947 1527 5003 conscientie
1538 4958 1596 5001 sute
1608 4943 1722 5000 mentis·

76 5037 160 5108 (ibid.
176 5034 234 5108 lb).
247 5031 438 5090 lterercntiam
453 5031 632 5088 bumanorum
644 5035 874 5105 obseruationum,
928 5057 982 5114 une
994 5041 1130 5098 ioetnrem.

76 5140 105 5187 et
126 5127 323 5185 contumeliam
351 5124 519 5194 propbeticae
543 5125 695 5182 traditionis
718 5130 875 5198 exprobrat,
965 5137 992 5193 8.
1006 5132 1094 5190 luunt
1112 5135 1248 5205 propinetur
1269 5135 1297 5190 in
1312 5135 1399 5191 odiatur
1421 5133 1532 5189 ueritatis
1552 5129 1648 5185 occisos
1670 5146 1722 5186 raon

76 5222 150 5296 quod
165 5220 292 5277 inanibus
313 5217 443 5273 bonorem
458 5215 564 5285 darent,
587 5225 615 5273 et
630 5218 806 5276 detraherent
827 5223 877 5280 lao-
929 5229 1056 5284 ucrciuut.
1070 5255 1106 5267 —
1124 5226 1170 5282 Vre
1185 5228 1257 5282 notia
1272 5228 1370 5285 Scribe
1390 5235 1413 5281 ιι
1431 5225 1557 5281 Pierisrri
1574 5221 1727 5295 inponite,

76 5315 220 5374 notandis.
233 5312 336 5385 Legem
356 5323 473 5381 namque
492 5310 551 5381 ipse
569 5310 693 5381 dederat,
717 5324 744 5371 et
764 5316 808 5373 lex
821 5334 876 5375 non
929 5322 1122 5396 puioedipicutia
1137 5323 1255 5395 sepulcro
1267 5321 1501 5395 promereremur
1513 5314 1728 5388 reliuuaiiiill.

127 5519 157 5663 ιζ
170 5517 235 5574 MSS·
248 5511 359 5570 Clddl'ffl
362 5548 419 5565 ·····
432 5507 546 5567 ‘didm-
932 5533 975 5580 tur
990 5521 1092 5594 (minus
1119 5523 1186 5580 bcuc
1202 5521 1272 5593 apud
1285 5520 1359 5592 Lips.
1380 5530 1406 5578 et
1421 5522 1483 5578 Par.
1503 5519 1642 5576 iubebatur
1654 5518 1676 5594 ),
1691 5535 1732 5576 re·

78 5595 82 5604 ’
116 5521 144 5665 db
179 5591 208 5645 lu
227 5585 344 5657 vulgatis
360 5581 506 5656 judicatur.
532 5583 643 5643 Rectius
667 5586 695 5642 iu
719 5601 786 5644 mss.
810 5588 879 5646 indi·
933 5591 1732 5668 iipiouemneccaseeatocceperitlexnbco,puit'uiiloleis

81 5674 163 5719 catur.
934 5669 1034 5722 tlrrono
1058 5666 1185 5721 considat.
1210 5665 1246 5719 lta
1269 5663 1445 5722 accendamus
1463 5681 1496 5720 ex
1519 5679 1565 5720 sex
1585 5677 1652 5718 ross.
1677 5679 1733 5719 reo

118 5733 154 5817 ic)
170 5730 198 5787 ld
213 5737 268 5792 est,
283 5723 501 5806 Chrisiotroar'tus
511 5726 553 5781 ait.
567 5727 618 5810 Qui
630 5725 755 5812 Christus
769 5731 829 5801 puin
839 5749 880 5790 re·
932 5753 1017 5792 seusu
1029 5735 1162 5793 dissident
1181 5733 1281 5801 ceteri,
1300 5735 1438 5804 inquibus
1459 5741 1549 5792 exstat
1568 5733 1732 5791 concedunt.

84 5805 200 5876 ιῐιιιιιιι,
220 5814 268 5856 seu
289 5797 421 5866 reiigione
441 5809 473 5851 oc
487 5811 662 5855 ucncrrurone
674 5801 770 5870 dignus
785 5801 879 5859 inico·
934 5807 968 5863 dt
982 5807 1052 5864 rurale
1066 5809 1092 5862 in
1109 5810 1183 5880 prim
1193 5805 1318 5876 vulgatis,
1331 5805 1454 5871 corruunt.
1477 5868 1481 5878 Ι
1584 5860 1587 5866 ,
