4042 6342
347 277 421 336 aaa
677 303 681 308 ‚
947 271 1072 332 anuum
1092 267 1222 330 armna
1236 271 1388 334 salmom
1920 282 1959 341 aas

345 395 423 452 botruo
435 396 516 452 duras
529 412 565 464 es,
581 395 654 452 metis
667 394 711 450 aii
723 409 775 452 aaa
790 394 935 463 resinosa,
950 404 974 451 et
987 395 1089 468 colligis
1102 393 1144 448 abi
1157 390 1185 455 Δ
1197 393 1317 452 lidelium
1336 397 1495 468 corporibus
1514 397 1710 470 mentibusque
1730 395 1930 465 transfunditur,
1947 421 1958 455 r

343 505 397 544 aaa
411 490 529 562 sparsisti
540 488 645 563 (iil).
659 487 763 546 lierum
781 490 957 562 praesentium
974 501 1071 546 natura
1086 505 1140 545 noa
1193 485 1252 542 baro
1274 485 1312 560 (b)
1326 488 1498 546 humanitatis
1512 487 1615 559 oilieia,
1637 498 1685 546 aut
1706 488 1826 561 gratiam
1849 503 1915 543 suam
1931 491 1959 545 ia-

342 581 396 638 lert
410 597 526 638 messem
539 596 601 638 esse
615 581 676 639 siae
688 582 804 650 semine,
823 589 852 638 et
865 583 957 657 colligi
971 599 1032 655 qvam
1046 598 1141 655 sparsa
1193 595 1277 652 pensa
1290 591 1455 648 ntereantur,
1469 593 1515 638 aut
1529 579 1664 639 odensam
1678 590 1781 653 negata
1798 595 1948 638 cominorear

342 672 526 730 aboluerint:
544 673 593 730 sed
607 682 679 730 totus
690 673 827 745 spiritalis
839 673 883 730 irio
898 689 990 732 sermo
1001 685 1053 732 est.
1071 674 1142 731 Diti·
1229 672 1257 726 2.
1270 671 1336 728 Post
1349 689 1428 746 quem
1447 689 1686 747 sermonemque
1704 689 1736 730 se
1751 684 1892 730 venturum
1902 676 1922 730 io
1932 694 1956 732 a·

340 780 404 821 mus
420 765 494 820 enim
513 765 585 820 bunc
598 764 726 836 populum
739 779 802 821 esse
814 763 848 823 dc
862 765 932 837 lege,
948 781 1001 822 nan
1016 766 1142 838 ignoran·
1193 763 1250 821 dita
1274 765 1405 823 claritatis
1428 767 1595 836 ostenderat,
1619 783 1694 824 nunc
1717 781 1863 837 passurum
1883 783 1955 826 esses

341 867 395 915 tem
412 858 519 914 Domini
532 857 719 915 adventumet
730 859 852 932 gentium
863 861 997 928 salutem3
1014 861 1061 917 scd
1077 861 1141 917 iult-
1193 857 1321 916 admonet
1339 859 1446 933 (llotrlr.
1465 877 1543 930 xxva,
1567 861 1616 934 i):
1633 871 1665 918 ut
1683 873 1885 918 sacramentum
1901 877 1956 920 cres

340 951 428 1008 delam
450 968 458 1007 ε
482 955 583 1025 quippo
605 967 667 1010 eura
690 953 760 1010 sciat
783 955 927 1013 metendos
953 956 1008 1012 illic
1028 955 1141 1028 justitiae
1193 953 1341 1010 admixtum
1360 971 1420 1012 ease
1434 955 1527 1027 glorias
1547 956 1714 1012 aeternitatis
1736 965 1913 1027 agnosoersut.
1926 958 1954 1012 S.·

339 1043 455 1114 iructus,
472 1045 518 1101 ubi
531 1045 575 1101 lex
588 1055 648 1102 sata
663 1063 718 1102 non
733 1047 781 1116 sit,
799 1056 828 1104 et
847 1041 1015 1120 colligendos
1027 1064 1060 1105 es
1073 1065 1140 1120 gea·
1193 1045 1275 1100 mitur
1289 1047 1359 1102 inter
1374 1046 1431 1103 lraec
1444 1047 1596 1118 perimendi
1607 1048 1668 1119 ejus
1681 1063 1699 1104 a
1713 1045 1821 1104 ludaeis
1831 1048 1953 1104 consilius:

338 1138 424 1208 tibus,
435 1139 481 1211 qui
491 1155 547 1197 nou
559 1155 594 1198 es
605 1140 724 1198 ababa
738 1141 794 1198 sint
804 1144 889 1215 stirpe
903 1143 1021 1214 dispersi
1036 1153 1082 1198 :ot
1098 1141 1140 1199 id·
1192 1149 1220 1194 et
1234 1141 1403 1212 cougregatis
1416 1141 1583 1212 principibus
1596 1142 1792 1209 sacerdotum,
1809 1143 1906 1198 occasu
1917 1155 1952 1198 tra:

337 1231 413 1290 circo
422 1232 506 1290 durus
519 1232 564 1290 bic
577 1232 660 1290 bomo
673 1233 725 1301 sit,
737 1234 841 1292 seilicet
855 1236 915 1292 sine
929 1236 990 1308 lege
1000 1234 1133 1306 justidca-
1191 1227 1321 1288 iocinoris
1331 1240 1502 1304 exspectatur
1517 1231 1606 1307 (il).

338 1335 426 1396 turus,
446 1327 507 1386 sine
526 1327 695 1400 dispersione
708 1329 885 1398 collecturus,
907 1340 936 1387 et
957 1330 1018 1408 sina
1034 1329 1141 1386 satione
1475 1373 1590 1432 CAPUT
1609 1375 1702 1432 mx

338 1437 548 1583 mffrgtm
566 1515 653 1588 cuppa·
676 1515 742 1583 Qua,
764 1516 844 1590 huj„
863 1517 947 1589 cuppa
966 1515 1090 1572 mma·
1106 1545 1141 1556 ,,
1192 1488 1541 1562 Dearslisre,gaoeoesessit
1555 1490 1591 1545 etl
1606 1490 1705 1546 lessus
1723 1491 1754 1545 ist
1770 1491 1870 1546 maur
1879 1493 1950 1549 &raa

338 1609 428 1680 Atque
441 1607 503 1666 ideo
523 1608 576 1665 lruc
594 1609 680 1681 magis
694 1610 845 1666 sineveaia
865 1610 929 1676 erit,
944 1625 993 1666 eur
1008 1608 1140 1682 praedira·
1263 1583 1359 1653 “⁹²⁰⁸''
1378 1581 1474 1640 ΜΨ
1491 1583 1652 1638 ‘'mm’'
1666 1585 1803 1655 “Ma
1817 1587 1910 1655 ΠΜ

339 1698 439 1756 tionem
453 1700 616 1769 occuluerit,
627 1709 656 1758 et
672 1700 848 1759 cornmissum
861 1702 915 1760 sibl
936 1702 1068 1758 talentum
1083 1703 1141 1759 sui·
1228 1697 1255 1753 l.
1272 1695 1337 1752 Cttat
1348 1707 1434 1752 amem
1451 1707 1516 1752 esset
1533 1696 1610 1754 lesse
1623 1697 1654 1753 ia
1668 1695 1806 1753 aearum
1824 1700 1849 1753 is
1860 1703 1940 1758 tants

337 1793 454 1864 luderit,
475 1809 536 1851 eum
551 1797 623 1852 scire
637 1809 790 1851 messurum
810 1810 873 1852 csse
892 1796 953 1852 sine
972 1796 1097 1863 semine,
1111 1804 1137 1853 et
1153 1791 1178 1854 B
1192 1791 1274 1846 muut't
1295 1791 1403 1863 leprosi,
1422 1792 1529 1847 aeremia
1543 1791 1578 1846 ud
1598 1807 1658 1846 eum
1672 1791 1777 1848 melier
1796 1792 1880 1848 balas
1890 1799 1944 1850 e'abr

226 1900 231 1909 ·
337 1886 517 1944 collecturum
533 1901 597 1944 esse
620 1903 683 1958 quae
705 1888 926 1959 conspersisset
948 1905 955 1941 :
980 1887 1139 1957 sedpotius
1190 1896 1258 1943 trum
1274 1888 1397 1957 sapueati
1412 1887 1529 1957 pretiosi,
1549 1896 1578 1942 et
1597 1886 1709 1959 reliqua
1725 1885 1941 1960 (llattlarnia

337 1981 493 2054 oportuisse
506 1995 569 2036 eum
584 1980 777 2037 nummulariis
794 1979 873 2045 dare,
894 1979 921 2036 id
941 1990 995 2049 est,
1011 1981 1139 2038 universo
1191 1978 1230 2052 7).
1242 1979 1299 2036 Sub
1314 1980 1373 2050 ipso
1388 1988 1510 2051 tempore
1523 1979 1661 2050 passionis
1680 1993 1741 2035 non
1762 1995 1800 2036 es
1813 1980 1939 2044 uilius:

311 2084 318 2096 “
338 2073 432 2144 generi
457 2070 611 2138 bominum,
631 2070 704 2140 quod
727 2071 821 2128 seculi
843 2072 960 2144 negotiis
979 2083 1138 2146 occupetur,
1190 2071 1287 2128 mulier
1313 2081 1480 2142 unguentum
1504 2071 1656 2143 pretiosum
1680 2073 1868 2128 recumbentis
1885 2077 1938 2128 [aar

339 2178 418 2220 usum
431 2163 529 2222 crediti
548 2163 601 2220 sibi
623 2163 718 2220 taleam
737 2163 951 2234 communicare,
966 2162 1082 2221 uontno
1095 2179 1139 2222 re-
1190 2163 1273 2235 capiti
1289 2163 1416 2220 infuderit
1429 2181 1436 2218 ε
1448 2163 1547 2221 debinc
1565 2173 1596 2220 ut
1607 2164 1746 2236 discipuli
1770 2163 1931 2223 irascerisne·

339 2255 413 2313 ditus
427 2256 488 2328 ejus
505 2271 520 2311 a
535 2255 651 2328 singulis
666 2256 851 2328 postulaturo.
866 2254 909 2313 Ob
925 2271 1007 2328 putam
1029 2257 1138 2328 culpam
1189 2252 1313 2312 dicerent
1333 2255 1412 2312 vendi
1428 2256 1500 2313 istud
1519 2258 1610 2330 potius
1634 2258 1664 2313 in
1684 2271 1772 2313 usum
1794 2266 1933 2330 peomne
1961 2303 1962 2310 ,

339 2348 704 2406 talentumsbeonontam
718 2347 877 2420 Evangelii,
893 2345 1137 2421 quodsudoderat,
1190 2349 1924 2425 buisse(58eti):tumutDomiuusetmulierisbs.
1961 2399 1962 2420 ,

337 2457 419 2514 auaro
435 2442 502 2516 legis
516 2442 652 2510 sulcatur,
668 2444 749 2514 eiqrtc
761 2443 809 2515 oui
821 2444 942 2515 quiaque
954 2443 1139 2515 duplicaverit
1189 2443 1393 2515 comprobaret,
1414 2454 1442 2500 et
1460 2453 1591 2500 atertmm
1607 2459 1673 2500 cum
1698 2445 1883 2516 praedicatiore
1893 2450 1916 2502 l:
1961 2421 1962 2508 i

219 2545 224 2555 ·
337 2534 429 2605 datur,
442 2534 561 2595 Domino
579 2535 689 2593 dicente
703 2552 712 2592 a
728 2535 806 2592 Oarai
820 2538 889 2592 mim
904 2537 1008 2594 mirati
1021 2538 1137 2609 daliter,
1190 2535 1253 2609 gelii
1273 2537 1364 2607 operis
1386 2536 1467 2607 liuius
1486 2551 1548 2594 esse
1564 2537 1737 2593 memoriam
1756 2541 1928 2612 spondeas
1961 2537 1962 2620 J

338 2637 363 2685 ct
377 2627 518 2685 aiuadolit
534 2628 604 2701 :psi
614 2638 700 2684 autem
714 2645 767 2684 aaa
780 2628 873 2696 beist,
889 2630 967 2685 stium
980 2630 1051 2700 quod
1065 2630 1141 2687 babet
1190 2639 1278 2686 tremo
1297 2637 1326 2686 ut
1341 2639 1402 2701 post
1421 2630 1448 2687 id
1465 2629 1548 2687 ladas
1562 2629 1598 2686 ad
1613 2631 1801 2689 vendendam
1813 2635 1897 2690 saluca
1907 2650 1932 2701 aa

336 2722 510 2794 autmutari
523 2737 554 2776 eo
567 2719 673 2794 (jib).
690 2721 784 2778 Potest
797 2721 910 2794 quidem
924 2722 1030 2779 babens
1048 2722 1137 2780 abuu-
1189 2733 1355 2796 erumperet.

337 2812 422 2882 dare;
442 2813 506 2886 quia
521 2813 598 2870 lacile
613 2821 666 2882 est,
684 2828 734 2884 per
746 2814 947 2870 incrementum
961 2813 1005 2871 vel
1026 2813 1137 2870 munill·
1224 2818 1252 2874 ἓ.
1269 2816 1366 2873 lluiier
1384 2833 1481 2888 aspera
1508 2813 1668 2884 Christum,
1694 2817 1772 2890 plebs
1785 2821 1878 2892 amun
1885 2817 1935 2870 llio-

337 2912 434 2969 centia
450 2911 490 2968 vel
510 2911 628 2980 laboris,
643 2910 804 2982 opulentum
824 2927 906 2984 posse
919 2912 1056 2970 ditescere
1068 2929 1076 2969 :
1089 2913 1139 2972 sed
1189 2913 1312 2984 palorum
1322 2910 1462 2983 prolsrnel
1472 2909 1553 2980 saum.
1563 2908 1720 2984 Parparos,
1736 2911 1932 2980 sufflabo-ea.

338 3021 393 3077 quo
411 3005 493 3063 modo
515 3021 568 3062 non
594 3005 698 3062 babens
717 3006 830 3062 babebit
852 3006 886 3062 ad
910 3005 1061 3064 damnuml
1081 3007 1139 3066 llac
1189 3033 1225 3046 ··-
1240 3004 1335 3060 liulier
1349 3003 1408 3060 ltaec
1422 3003 1448 3058 in
1469 3001 1700 3074 prefiguratione
1717 3004 1857 3076 genesata
1869 3001 1927 3066 abab

337 3097 416 3166 ideo,
441 3099 503 3168 auia
527 3097 690 3154 habentibus
711 3112 791 3155 usum
813 3098 1031 3171 evangeliorum,
1055 3099 1137 3156 etiam
1189 3109 1240 3168 cst,
1258 3114 1318 3170 que
1338 3099 1365 3153 la
1380 3097 1509 3170 passione
1527 3094 1633 3152 Cltristi
1657 3091 1928 3169 glorianbvurellillt.

337 3189 408 3264 legis
434 3191 523 3247 bonor
547 3189 670 3248 redditur
696 3208 704 3246 a
730 3207 784 3247 non
809 3191 919 3248 babenti
941 3199 1032 3249 autern
1057 3190 1139 3250 tidem
1153 3185 1176 3251 C
1191 3191 1278 3264 Caput
1293 3191 1365 3249 enim
1379 3190 1438 3261 ejus
1452 3190 1578 3262 perunxit
1591 3207 1599 3245 ι
1614 3201 1707 3262 caput
1718 3186 1933 3249 asseruimus

337 3285 450 3355 Christi,
470 3285 554 3345 etism
575 3285 648 3359 qrtcd
669 3301 703 3342 es
727 3285 789 3358 lege
806 3285 910 3342 babere
927 3285 980 3344 sibi
995 3285 1140 3343 videbatur
1190 3295 1242 3344 eat.
1255 3285 1321 3342 llam
1341 3281 1381 3358 (d)
1398 3291 1562 3356 unguentum
1577 3282 1645 3340 boni
1660 3284 1762 3356 operis
1780 3293 1818 3340 csl
1831 3278 1934 3337 trusae
1961 3351 1962 3358 ἵ

338 3378 462 3448 bonoria,
475 3376 607 3436 aufertur.
1190 3387 1300 3451 propter
1312 3375 1436 3448 corporis
1448 3389 1540 3432 curam
1552 3374 1707 3431 mulierum
1722 3377 1801 3433 sesai
1811 3374 1934 3439 mvinstu
1961 3371 1962 3466 3

608 3514 725 3575 CAPUT
743 3516 855 3574 mm
1190 3481 1246 3528 tum
1261 3480 1313 3528 est.
1328 3470 1411 3543 igitur
1425 3483 1534 3524 omnem
1547 3483 1645 3523 euram
1656 3461 1795 3538 'corporis
1807 3469 1852 3534 sui,
1862 3475 1935 3521 attan
1961 3471 1962 3474 ’

602 3567 609 3592 ¹
859 3559 865 3571 '
1190 3565 1317 3638 pretiose
1329 3561 1429 3620 mentis
1442 3560 1572 3617 allectum
1587 3559 1770 3618 inhonorem
1783 3560 1935 3625 ustam

365 3637 525 3693 ”mmm
538 3635 587 3707 filii
602 3636 714 3691 'mnf‘
727 3636 888 3692 '‘mmm’‘
903 3634 1036 3708 '’niem“
1047 3653 1105 3692 ⁸¹¹⁰·
1189 3655 1345 3713 transiudlt.
1361 3653 1414 3712 Sed
1432 3653 1558 3725 discipuli
1574 3652 1671 3710 lavore
1694 3653 1821 3710 salvandi
1835 3651 1935 3712 loaisa

374 3749 401 3805 l.
417 3748 550 3804 lisimas
563 3758 587 3804 st
601 3748 726 3804 isaurum
738 3747 860 3803 metio
873 3747 901 3802 ia
910 3748 1061 3822 partein—
1074 3747 1137 3806 Cum
1189 3763 1262 3821 sape
1284 3761 1408 3814 numero,
1431 3754 1642 3802 commoveamur
1664 3765 1671 3800 :
1696 3747 1781 3802 vendi
1804 3748 1852 3802 boe
1866 3747 1887 3800 ia
1899 3756 1935 3796 a

337 3837 532 3897 ustsat‘seaerit
546 3840 619 3910 pilius
631 3838 743 3895 bominis
755 3840 783 3893 ia
796 3841 1000 3913 majestatesua,
1014 3851 1038 3910 et
1051 3857 1138 3898 omncs
1190 3853 1338 3912 pauperum
1354 3838 1391 3909 (r)
1411 3835 1548 3894 debuisse.
1570 3836 1625 3894 Sed
1642 3852 1735 3908 neque
1758 3838 1852 3894 mulier
1867 3836 1936 3892 betta

335 3935 420 4008 angeli
430 3949 491 3991 cum
505 3950 551 4001 eo,
566 3942 595 3989 et
612 3933 717 4003 reliqua
733 3928 842 4006 (liciti.
861 3947 929 3998 xxv,
943 3932 1002 4003 bl).
1019 3930 1137 3990 Omnem
1190 3935 1250 3991 nale
1263 3940 1429 4005 unguentum
1443 3931 1662 3989 circumierebat.
1675 3930 1938 4005 supraponere>

336 4029 396 4103 ipse
419 4029 555 4088 sermonis
573 4027 655 4099 bojas
677 4027 811 4085 rationem
834 4027 963 4083 absolvit.
984 4026 1024 4084 ue
1042 4028 1138 4100 judicii
1188 4027 1265 4099 digus
1285 4025 1417 4082 instinctu
1432 4023 1637 4097 propheticom
1652 4028 1938 4098 tranenpavemotltpe

335 4124 410 4182 cuitu
424 4134 549 4193 tempore
562 4121 735 4193 adventuque
747 4126 956 4188 commemorat,
971 4133 1026 4191 quo
1044 4119 1138 4178 fideles
1189 4121 1259 4177 banc
1269 4119 1390 4192 gentium
1404 4119 1483 4175 lidum
1497 4117 1549 4175 emi
1566 4119 1656 4188 potius
1671 4119 1707 4174 ad
1719 4121 1840 4177 salutem
1850 4119 1908 4191 egeri
1917 4119 1937 4168 it

335 4217 371 4274 ab
384 4215 538 4272 lnddelibus
554 4212 705 4287 separabit,
719 4223 802 4284 atque
820 4211 855 4267 ab
875 4210 1051 4268 infructuosis
1066 4210 1139 4270 irate·
1186 4213 1231 4286 jus
1246 4212 1337 4285 pupuli
1352 4210 1489 4268 debuisse.
1502 4210 1605 4278 Quibus
1627 4211 1766 4269 Dominus
1782 4215 1837 4282 ait,
1850 4211 1937 4285 prosu

336 4321 414 4367 tuosa
426 4309 574 4375 discernet,
589 4306 684 4366 baedus
696 4307 824 4364 videlicet
836 4305 872 4361 ab
884 4304 975 4376 agnis,
988 4312 1016 4361 et
1032 4304 1058 4359 in
1073 4304 1138 4362 dex·
1188 4321 1249 4366 osse
1261 4307 1400 4380 temporis,
1414 4321 1469 4378 ouo
1481 4305 1582 4362 ltabere
1595 4321 1689 4362 curam
1704 4322 1857 4379 pauperum
1869 4321 1938 4378 pava

337 4416 394 4463 tera
414 4419 447 4460 ac
460 4403 571 4460 sinistra
588 4403 727 4460 collocans
741 4412 979 4471 uanumquemque,
994 4396 1077 4470 digna
1090 4406 1139 4456 aut
1187 4409 1316 4458 ceterum
1330 4397 1449 4455 nonnisi
1466 4413 1502 4454 es
1516 4408 1654 4469 praecepto
1668 4413 1722 4454 suu
1735 4400 1854 4457 salutem
1869 4397 1939 4470 getis

337 4498 467 4557 bonitatis
486 4506 532 4554 aot
549 4496 661 4553 malitie
674 4509 732 4552 suae
749 4493 815 4550 sede
828 4490 998 4548 constituet:
1014 4489 1055 4560 (a)
1066 4489 1138 4549 indi·
1190 4507 1269 4565 posse
1284 4491 1417 4565 prestari,
1433 4505 1494 4562 quae
1507 4505 1598 4546 secum
1613 4490 1704 4546 inluso
1720 4493 1846 4550 rrrulicrls
1857 4492 1940 4561 buiusu

336 4606 441 4650 causse
452 4592 479 4646 in
494 4591 614 4647 minimis
623 4589 691 4658 suis,
704 4587 731 4644 id
745 4595 798 4655 est,
813 4585 847 4642 iis
861 4585 907 4657 qai
918 4584 970 4641 sibi
981 4583 1136 4657 mcum
1147 4575 1175 4636 D
1186 4592 1287 4659 guento
1301 4585 1356 4642 siut
1369 4582 1535 4654 consepulta
1549 4581 1629 4655 (ill
1647 4592 1674 4637 et
1687 4583 1734 4654 li)
1753 4602 1761 4639 :
1777 4585 1841 4657 qaia
1851 4595 1941 4655 regare

335 4683 495 4743 humilitatis
515 4698 572 4740 sue
591 4682 795 4754 exspectatione
817 4677 995 4746 lamulentur,
1010 4685 1050 4748 ,et
1071 4693 1134 4735 esu·
1188 4679 1226 4735 tio
1242 4694 1295 4734 aon
1309 4677 1360 4732 nisi
1375 4674 1552 4732 commortuis
1566 4674 1593 4729 in
1604 4674 1734 4747 baptismi
1747 4678 1945 4749 professionem

276 4778 279 4783 '
334 4779 469 4838 rientibus
479 4777 526 4846 ali,
537 4783 567 4832 et
580 4776 734 4833 sitientibus
744 4773 844 4846 potari,
855 4779 883 4828 et
896 4769 1134 4843 peregrinantibus
1185 4769 1302 4828 bibetur.
1314 4765 1397 4844 7oe
1409 4767 1444 4822 Et
1456 4767 1558 4824 idcirco
1570 4768 1615 4824 ubi
1630 4769 1829 4840 praedicabitur
1843 4769 1946 4826 bocina·

333 4871 484 4939 conloveri,
500 4880 527 4926 et
549 4869 627 4925 nudis
650 4868 768 4940 contegi,
788 4874 817 4923 et
835 4864 950 4922 iulirmis
968 4864 1085 4934 visitari,
1106 4875 1135 4924 et
1184 4863 1297 4934 gellam,
1313 4859 1467 4917 narrabitur
1488 4875 1555 4932 opus
1570 4861 1629 4932 ejus
1642 4861 1680 4936 (i
1693 4861 1740 4934 lb)
1762 4864 1850 4936 :quis
1869 4868 1948 4921 cest&

261 5039 265 5046 ¹
332 4967 457 5025 sollicitis
471 4962 608 5024 consolari
622 4963 726 5037 (illl).
749 4963 789 5020 lu
807 4961 882 5020 enlm
897 4960 925 5017 iu
944 4962 1134 5018 universorum
1185 4955 1278 5026 lsrael,
1293 4953 1432 5026 Evangelii
1447 4953 1532 5026 gloria
1545 4953 1597 5011 lude
1607 4955 1732 5026 gentium
1745 4953 1949 5028 predicatoris

368 5152 410 5240 (a)
422 5153 506 5221 Editi,
516 5149 650 5278 ludicros
664 5163 673 5202 .·
686 5149 856 5221 corriguntur
874 5163 908 5204 es
929 5161 996 5203 mss.
1014 5146 1127 5218 Deinde,
1219 5142 1257 5215 (il
1270 5140 1334 5200 Sula
1356 5137 1440 5197 editio
1458 5139 1520 5194 Par.
1538 5139 1704 5196 lrsailitatis.
1722 5141 1870 5202 Bcceeasis
1885 5141 1950 5200 aar

331 5226 432 5312 quistii
446 5242 504 5308 coar
535 5221 668 5277 parilitatis
688 5236 741 5275 sua
759 5220 946 5302 exspectatione
960 5219 1128 5303 [catalectum
1181 5211 1368 5304 unanimitatis.
1385 5209 1545 5336 libellusalii,
1562 5211 1745 5270 ittmaaitatis.

330 5289 1129 5440 llrtirllil'liitliblii⁰2t¹¹ll⁰ilttliiss¹illr
1218 5283 1448 5431 lapilluli
1460 5283 1950 5428 ttoilttltbliieinm

330 5435 657 5505 Psal.exsxuur,n.iol,
674 5432 843 5516 explicantur
862 5431 1054 5517 verbaspsalmi
1073 5451 1080 5488 :
1096 5431 1129 5486 Er
1181 5439 1320 5498 unguenta.
1370 5453 1421 5509 .-
1548 5497 1554 5510 ·
1746 5502 1753 5514 ι
1888 5499 1934 5512 ..

330 5512 473 5569 substantia
492 5526 550 5566 mec
571 5510 600 5563 in
621 5503 785 5574 inferioribus
809 5511 893 5568 terrm
918 5501 979 5560 scal.
996 5500 1128 5558 Christum
1216 5501 1252 5573 (e)
1265 5499 1294 5554 la
1309 5497 1430 5567 plurtbus
1446 5511 1513 5552 mss.
1528 5497 1573 5554 luc
1584 5497 1827 5569 adpotturdtctrnt.
1842 5503 1951 5559 Pauusn

331 5601 385 5641 esse
396 5584 425 5638 ia
443 5580 597 5653 puaperibus
611 5578 713 5644 spiritu,
725 5576 753 5631 itt
764 5572 891 5629 tribulatis
903 5574 989 5638 eorde,
1003 5575 1031 5629 ia
1044 5575 1129 5630 beari·
1185 5573 1240 5630 telli
1261 5574 1314 5626 itur
1328 5569 1437 5625 tacitum
1452 5569 1563 5626 verbum
1577 5569 1700 5627 diceutes.

331 5654 490 5721 libertasse,
500 5653 527 5707 in
536 5667 592 5723 patr,
603 5649 710 5704 amenas
720 5646 819 5714 arcardi,
834 5647 862 5700 in
873 5645 998 5729 declaras
1007 5646 1033 5700 ia
1055 5646 1128 5702 raris.
1221 5645 1230 5716 (
1272 5641 1301 5698 la
1313 5655 1380 5697 mss.
1390 5649 1549 5710 rtancupoat,
1561 5640 1604 5698 rel
1614 5647 1833 5710 nuncupauerint.
1845 5646 1904 5703 ‘rum
1913 5651 1950 5710 pas

332 5725 473 5795 labrarum
490 5723 558 5780 erim
573 5668 695 5778 &aalma
710 5719 738 5775 id
753 5729 792 5777 cst
808 5733 881 5774 omns
894 5718 1039 5774 beralitate
1054 5733 1128 5774 suat·
1183 5713 1342 5785 particulam
1352 5721 1437 5784 uass,
1448 5712 1543 5783 supple
1554 5713 1670 5770 verbum
1684 5717 1949 5786 manutenentes

334 5801 449 5852 aramum.
1181 5785 1280 5844 simile.
