4042 6342
91 298 152 358 fild
445 308 599 369 sabucus
619 309 785 374 VETERUM
800 315 1009 382 'OEfflllfflid
1038 325 1082 384 ott
1102 329 1239 393 SANCTO
1258 334 1412 398 filtanio.
1701 349 1756 411 Μ

205 463 207 468 .
232 421 356 485 Facurrdi
371 427 563 492 Homiumaria
575 437 622 493 lii.
633 453 654 504 r,
671 455 729 510 rap.
743 439 770 494 t.

134 514 161 572 Si
182 514 276 589 iqitnr,
303 521 405 580 Hilario
424 542 540 599 quoque,
561 528 719 591 doctissimo
736 533 856 592 andtistc
874 547 902 594 et

90 606 249 684 fortissime
263 617 498 688 contemerasse.

328 709 455 786 Ejusdem
468 716 513 772 tlt.
524 733 540 772 x
550 758 556 780 ,
565 734 624 792 erp.
640 719 667 774 i.

130 799 232 858 licitus
258 803 386 873 libanus,
407 810 569 868 brictiorum
594 815 798 885 pmendsdraas
821 826 901 890 atque

87 893 244 950 acerrimus
255 907 436 971 expugnator,
447 909 478 957 et
489 904 729 962 constantissimas
743 907 807 964 ddei
820 906 902 966 Glem-
952 931 1008 992 ηπ

87 987 344 1050 stimaconlessor
356 993 383 1048 in
396 994 521 1068 epistula,
540 1013 618 1067 quam
638 998 671 1055 de
695 1000 776 1058 exilio
790 1001 901 1075 scripsit

87 1081 231 1153 episeopis
245 1083 398 1144 Gerananise
412 1086 505 1159 primae
518 1099 546 1145 et
566 1087 717 1150 Germanice
731 1093 859 1152 securrdue
873 1105 901 1152 et

87 1175 188 1246 prinu
198 1177 325 1250 Belgica,
338 1189 393 1238 etc.

256 1271 384 1348 Effusum
398 1273 443 1330 tit.
463 1285 555 1332 contra
579 1275 738 1335 denormat.

915 451 941 512 ‚t
956 444 1035 504 lstius
1049 455 1342 532 aspectumsserpentes
1353 461 1427 525 lerre
1439 465 1605 542 tremibnnt:

1025 542 1122 603 Nescio
1135 563 1197 621 quo
1209 552 1237 608 in
1249 556 1324 612 uultu
1337 557 1438 630 spicula
1450 560 1566 622 &rietus
1578 563 1672 622 babet.

1203 665 1307 725 dicuini
1321 671 1409 729 Poena.
1424 675 1470 734 63.

952 745 1010 807 lloc
1021 752 1106 812 altare
1116 767 1194 827 pater
1204 765 1303 834 presul
1315 764 1431 826 Hilarius
1443 785 1538 842 ornat,

1022 843 1107 906 Notus
1121 847 1148 906 ln
1159 853 1226 912 orbe
1240 857 1353 929 procul,
1373 859 1467 921 doctor
1484 868 1583 942 ubique
1595 873 1665 944 pirus.

1022 942 1107 1008 atrapis
1118 943 1203 1000 victor
1215 951 1319 1007 meritis
1340 969 1507 1014 memoratur
1521 962 1547 1014 in
1562 979 1627 1034 ara,

1021 1027 1108 1087 lodita
1123 1037 1268 1106 preclarus
1283 1045 1361 1100 miles
1375 1047 1402 1103 in
1416 1065 1491 1108 arnna
1504 1065 1610 1124 potens.

1145 1142 1331 1228 iliacnmrrffde
1341 1157 1461 1228 praedest.
1483 1182 1507 1222 c.
1525 1167 1553 1223 3.

987 1231 1102 1293 Sanctus
1121 1237 1177 1296 Leo
1198 1243 1232 1300 ad
1258 1243 1478 1314 chalcedonense
1496 1262 1641 1321 concilium
1655 1268 1756 1326 condr-

125 1368 594 1440 Rffloefflmffihmm
614 1373 898 1446 pmmemmo·
951 1325 1079 1384 niarrdunt
1093 1329 1217 1402 ejusdem
1232 1335 1263 1392 Β.
1279 1335 1374 1398 llilarii
1387 1345 1539 1408 testimonia
1554 1353 1626 1413 inter
1638 1357 1756 1418 catholi.

86 1461 217 1517 deratum
231 1463 439 1534 gubernatorem
453 1465 591 1522 Ecclesia).

950 1431 1045 1476 corum
1064 1421 1207 1484 doctorum
1222 1435 1345 1504 exempla
1356 1438 1437 1496 ctiam
1455 1445 1539 1512 prima
1559 1463 1754 1512 eornnumerat:

124 1552 277 1610 Cuaaiodurr'
288 1555 332 1612 tri.
347 1557 379 1612 dr
392 1553 478 1614 lussit.
490 1559 630 1616 dirimir'tt.
646 1579 706 1634 cap.
724 1564 791 1620 llet
803 1564 851 1622 ts.
949 1509 1162 1575 “mmm
1180 1537 1242 1577 Μ’
1264 1524 1334 1584 ⁵5⁰¹st
1354 1541 1382 1586 ⁸¹
1405 1531 1435 1590 s·
1457 1537 1635 1610 3¹¹3¹¹⁵¹i¹¹⁸¹¹²¹
1654 1557 1680 1603 Η
1700 1547 1756 1621 cl·

124 1646 204 1702 Tunc
225 1647 252 1704 in
273 1647 320 1704 illo
344 1649 427 1708 cboro
442 1652 613 1710 secretissimo
633 1654 741 1712 Patrem
765 1659 812 1716 tibi
835 1675 897 1717 eura

88 1738 192 1808 eligere
211 1741 322 1810 neuris,
334 1757 395 1797 eum
411 1759 464 1816 qno
474 1745 645 1816 suarissirne,
656 1749 829 1822 colloquaris.
844 1752 898 1810 llil·

89 1829 162 1888 debe
185 1833 258 1889 dictu
281 1845 323 1890 est
348 1851 427 1907 quarn
454 1835 587 1910 frequenti
617 1843 761 1900 occasione
790 1856 936 1918 reperta}

88 1927 248 2001 Scripturas
262 1937 368 1988 sanctas
384 1931 449 1990 locis
464 1935 610 2006 aptissimis
620 1944 747 2007 potentes
758 1941 896 2010 aporiatum

88 2033 120 2078 ut
132 2024 224 2080 subito
238 2021 371 2081 transiens
391 2021 489 2097 diseas,
511 2029 582 2094 quod
604 2043 630 2088 te
651 2033 898 2108 negbgentorprue·

91 2119 200 2174 teriisse
214 2117 366 2190 cognoscis.
381 2115 477 2177 Testes
488 2134 550 2178 sunit
562 2121 711 2181 doctissimi
725 2128 775 2184 riri
790 2129 895 2196 diaerm

948 1607 1076 1677 priunum
1089 1621 1170 1684 atque
1183 1615 1301 1676 Leonem
1323 1625 1381 1681 sive
1403 1627 1608 1706 Hieronymum,
1624 1643 1756 1714 receptis-

949 1699 1048 1757 simum
1059 1703 1086 1759 in
1098 1709 1219 1782 eomloqo
1234 1710 1401 1786 Scriptorum
1416 1724 1662 1788 ecclesiastieorum
1673 1746 1755 1807 atque

948 1788 1093 1853 illustrium
1105 1806 1320 1872 computasserl
1335 1822 1362 1867 et
1382 1809 1416 1870 de
1436 1832 1484 1884 eo,
1509 1829 1539 1874 nt
1558 1831 1652 1881 notum
1664 1834 1755 1896 est,a

950 1889 1095 1947 santissimo
1105 1891 1216 1965 dicitur,
1233 1896 1349 1961 llilarius
1359 1909 1503 1980 epiecopus
1515 1911 1699 1978 Romanorrnn
1712 1923 1756 1978 lu·

949 1979 1028 2049 ciler,
1039 1983 1221 2046 Ecclesiamm
1235 1991 1345 2053 lucerna
1360 2008 1389 2054 et
1410 2002 1528 2070 pretiosa
1546 2005 1666 2080 lampas,
1693 2015 1754 2084 pul·

948 2077 1015 2132 ebro
1030 2093 1167 2152 aureoque
1176 2097 1226 2142 ore
1238 2086 1357 2161 loquium
1366 2093 1504 2154 uniuersa.

90 2209 171 2266 laude
188 2212 315 2285 precipui
329 2255 336 2280 ,
351 2213 457 2282 quibus,
474 2215 547 2272 uelut
563 2217 648 2274 stellis
664 2219 825 2278 micantibus
838 2239 896 2282 coe·

93 2303 161 2368 luto,
183 2303 269 2375 irriget
290 2303 407 2362 Ecclesia
432 2325 439 2362 :
466 2307 624 2383 intorques
647 2325 756 2370 sanctus
779 2314 897 2374 Hilarius

93 2393 270 2454 lbctariensis
280 2399 357 2456 nrb²s
371 2399 511 2472 episcopus
525 2403 606 2458 niodo
619 2403 799 2476 profunditate
813 2409 896 2466 subti-

95 2487 129 2546 lis
141 2500 167 2546 ct
177 2493 347 2550 cautissimus
361 2495 512 2567 disputator
526 2497 635 2568 incedit,
655 2499 778 2572 altasque
791 2501 896 2558 divina·

99 2599 158 2638 rum
184 2583 382 2658 scripturarum
405 2588 518 2662 abyssos
544 2591 570 2646 in
594 2591 712 2651 medium
738 2605 896 2651 reverenter

102 2675 230 2734 addueem
239 2677 315 2736 lacit.

161 2792 276 2851 Verrurrtii
291 2795 317 2850 F
318 2799 432 2852 orlonuti
443 2799 489 2854 lib.
504 2815 522 2869 1,
539 2799 570 2855 de
588 2799 648 2856 Vita
663 2801 694 2858 S.
716 2801 834 2860 uuam.

98 2887 199 2960 Elquia
211 2907 333 2949 srrmrnns
349 2907 416 2964 apex
433 2893 512 2958 lidei,
529 2895 652 2964 virtutis,
669 2895 794 2964 lionoris,

95 2979 211 3040 llilarins
224 2985 301 3041 tame
314 2985 403 3043 radios
414 2985 549 3058 iamdabat
561 2990 587 3044 iu
602 2989 714 3059 orbenr,

96 3074 155 3132 Rite
169 3076 208 3151 (u)
220 3079 365 3136 sacerdotii
382 3081 528 3152 penetralia
539 3082 601 3154 jura
613 3084 766 3158 qooemna

93 3163 208 3225 Bnccina
225 3169 370 3240 terribilis,
384 3173 446 3229 tnba
462 3174 545 3245 legis,
562 3190 651 3248 prauo
667 3177 799 3246 tonantis,

93 3253 232 3316 Pnlelrrior
245 3257 362 3332 electro,
376 3273 417 3322 ter
429 3278 507 3323 coeto
523 3267 659 3324 ardentior
672 3285 749 3338 auro,

91 3344 201 3423 Largior
213 3348 350 3424 Eridano,
372 3355 503 3414 Rhodano
519 3362 664 3418 torrentior
674 3363 781 3436 amplo,

91 3441 204 3501 Uberior
215 3441 295 3513 Nilo,
307 3463 440 3520 generoso
451 3451 569 3524 sparsior
584 3452 691 3524 Histro,

90 3531 184 3594 Coralis
195 3541 354 3597 inundantis
368 3541 464 3600 docilis
478 3556 586 3602 ructare
600 3545 717 3616 fluenta,

90 3622 218 3687 Fontibus
234 3632 333 3704 ingenii
349 3633 387 3708 (i)
400 3636 516 3693 sitientia
533 3649 641 3709 pectora
658 3656 769 3710 rorans,

90 3713 162 3778 lions
175 3727 212 3798 (c)
234 3725 379 3800 euangelici
394 3731 434 3787 bis
448 3732 502 3790 bini
516 3734 595 3806 plena
612 3735 710 3806 libelli,

90 3817 218 3887 Quattuor
232 3830 281 3879 ore
294 3839 343 3879 suo
354 3841 466 3882 manans
480 3843 548 3884 nuova
563 3829 673 3886 llunrina
686 3832 797 3903 rutundo,

87 3911 216 3971 'ilrnanrm
233 3915 379 3987 Ecclesiae,
395 3921 500 3990 pollens
511 3922 633 3980 diadema
649 3941 792 3984 coruscum

90 4002 117 4060 ln
131 4009 260 4065 membris
271 4007 376 4068 misisti
386 4015 482 4085 capitis
494 4017 568 4072 velot
583 4015 665 4074 intlula
680 4017 801 4090 fulgens,

88 4091 199 4158 Pectine
214 4101 393 4175 belligerans,
409 4106 598 4165 adamantinus
612 4117 671 4166 arte
686 4119 814 4182 topazos,

90 4191 128 4249 ltu
142 4195 252 4252 virtutis
266 4211 333 4269 opus
347 4215 422 4256 rnens
438 4203 596 4258 incortcussa
611 4202 759 4274 pulmonis,

87 4283 237 4343 manser
251 4289 380 4358 eloquiis,
395 4291 543 4350 radiantior
556 4309 603 4349 ore
616 4294 732 4364 lapillis,

88 4373 187 4434 hoctun
199 4381 364 4453 apostoliens
377 4399 494 4442 vacuans
508 4385 612 4442 ratione
624 4387 774 4458 sophistas,

88 4468 230 4543 bopmate,
247 4475 316 4543 luce,
330 4474 392 4544 bde,
405 4477 552 4534 inlonnans
562 4479 660 4536 uirtute
672 4493 813 4553 sequaces.

88 4559 216 4622 llustibus
226 4567 272 4622 bic
286 4571 413 4640 qnoniam
426 4571 515 4643 gravis
531 4573 719 4644 insuperabilis
729 4583 813 4645 esset,

89 4653 306 4730 moturesilio,
321 4661 361 4737 (d)
373 4677 424 4734 qna
437 4665 515 4736 leriga
530 4663 654 4723 Seleucia
673 4669 768 4724 tendit.

88 4749 169 4822 Regis
182 4757 325 4814 stauxilio
339 4759 404 4830 petit
423 4759 458 4834 (e)
474 4759 537 4818 binc
549 4775 597 4816 sua
613 4763 721 4833 praemia
736 4763 831 4832 miles,

90 4839 168 4920 ibijus
181 4851 208 4908 in
224 4855 351 4912 abscessu
366 4859 450 4914 errori
465 4875 531 4930 vaga
544 4855 629 4916 Gallia
644 4861 731 4930 cedit,

88 4939 124 5000 R
137 4947 210 5017 regio
222 4950 321 5006 titubat
332 4959 402 5006 tanta
413 4969 443 5008 se
456 4962 530 5010 turre
544 4965 678 5014 movente.

91 5035 146 5096 lioc
158 5044 202 5098 ubi
218 5061 388 5120 praepropere
400 5045 529 5105 Martinus
543 5055 691 5122 eotnperit,
705 5056 768 5113 iride

91 5127 232 5194 Constituit
246 5139 341 5196 cellam
356 5141 407 5198 sub
421 5146 521 5200 uertice
537 5141 691 5215 llediolani,
710 5157 764 5204 etc.

301 5254 344 5312 Ex
365 5257 445 5314 netem
456 5258 631 5329 rumulone.

93 5327 208 5400 llilarius
222 5348 302 5404 cubat
315 5349 364 5404 luae
380 5348 503 5407 Pictam
515 5353 659 5423 opiscopus
670 5368 755 5422 wau,

163 5437 292 5498 Defensor
307 5453 406 5500 nostrae
418 5442 550 5502 terrificus
559 5444 635 5502 odet.

133 5571 170 5646 tob
190 5571 271 5646 burs,
287 5579 443 5639 munds.

141 5647 167 5713 ὁ,
185 5647 239 5704 Ed·
260 5653 423 5739 fflmm·

142 5716 163 5786 r)
183 5717 234 5778 Ed.
260 5724 405 5809 Evangelii.
530 5800 536 5812 ·

130 5787 168 5932 gg)
181 5791 328 5923 {sibilum
349 5797 425 5872 longa
446 5797 564 5856 silentis.

226 5905 233 5918 .
267 5881 301 5923 tc.

996 2537 1142 2615 meduaci
1155 2549 1328 2608 testimoniatus
1340 2556 1434 2614 urob
1444 2575 1525 2633 aspra
1540 2566 1591 2622 col.
1606 2567 1652 2636 53,
1666 2583 1695 2627 u.

1034 2632 1154 2694 Fulimti
1167 2639 1274 2701 Gurnot.
1286 2648 1360 2719 epist.
1384 2667 1433 2708 ut
1448 2655 1485 2711 ud
1500 2657 1642 2716 mom

983 2725 1025 2783 Tu
1039 2743 1146 2802 quoque
1164 2735 1332 2811 dereliquisti
1354 2759 1416 2812 nos,
1431 2759 1523 2806 sancte
1546 2761 1623 2822 pater
1647 2755 1751 2828 llilari,

947 2817 1083 2970 quibprlin
1103 2822 1236 2884 truitatem
1265 2831 1396 2891 scelesta
1418 2837 1536 2909 Spiritus
1551 2847 1639 2904 suncti
1660 2851 1752 2924 gladio

947 2920 993 2968 tue
1044 2917 1077 2972 is.

947 3024 990 3084 Eu
1008 3029 1220 3093 ¹Sataroorcotorie
1240 3039 1356 3100 bibliotb.
1371 3061 1426 3120 req.
1443 3048 1527 3120 essi,
1540 3054 1568 3110 iu
1584 3072 1634 3127 quo
1661 3057 1752 3118 Nico·

983 3137 1045 3177 num
1059 3123 1212 3196 Symbolum
1234 3132 1290 3188 aine
1302 3136 1434 3195 additione
1455 3143 1565 3217 liboque
1583 3157 1676 3220 emat,
1692 3149 1748 3208 ital.

908 3257 932 3323 C
981 3221 1110 3276 merab.
1121 3219 1217 3282 Nerate
1229 3231 1318 3286 macti
1328 3230 1433 3290 llilarii.

982 3313 1157 3374 Adorabllem
1178 3318 1218 3392 (a)
1235 3325 1338 3394 populi,
1363 3329 1510 3388 mutatui
1532 3333 1633 3395 lietarii
1654 3349 1748 3400 anes-

829 3443 833 3452 .
944 3405 1002 3460 titis
1030 3407 1203 3468 mammen
1230 3414 1391 3476 solemniter
1428 3434 1633 3500 recurrentem,
1669 3431 1749 3504 cnjus

942 3495 1033 3568 litaque
1048 3497 1076 3554 in
1091 3504 1191 3559 seculo
1202 3519 1254 3575 pro
1266 3521 1368 3566 mactae
1385 3509 1525 3572 Trinitatis
1538 3521 1693 3591 aequalitate
1707 3523 1749 3583 sic

941 3590 1047 3656 narb,
1075 3601 1107 3648 ut
1132 3594 1211 3666 bajus
1235 3601 1330 3657 madi
1362 3605 1511 3678 principem
1541 3611 1619 3668 miles
1641 3610 1748 3674 minimi

941 3690 1139 3752 minueret,
1149 3701 1179 3744 et
1189 3689 1217 3745 iu
1231 3693 1352 3752 eoelestis
1366 3695 1447 3771 lleqis
1456 3701 1517 3757 arria
1526 3700 1612 3762 vietor
1622 3705 1746 3779 intraret,

940 3775 1087 3836 bominum
1124 3786 1195 3842 vetis
1218 3788 1393 3849 uberioribus
1419 3795 1616 3867 deprecemura
1649 3811 1679 3858 ut
1701 3802 1748 3876 qui

939 3883 1001 3928 mm
1017 3875 1087 3931 ruer
1102 3875 1227 3936 macron
1250 3884 1323 3940 acies
1334 3885 1371 3941 ita
1384 3885 1521 3947 lecitessc
1539 3893 1698 3964 sollicitum,
1715 3907 1746 3953 ut

940 3965 1067 4022 redderet
1085 3967 1160 4026 siser
1171 3972 1240 4030 bella
1263 3987 1408 4047 securum,
1429 3982 1509 4039 nubis
1528 3987 1679 4044 concedere
1701 3987 1745 4044 di·

940 4067 1050 4128 ametur,
1064 4071 1095 4118 ut
1111 4066 1183 4135 quod
1199 4067 1225 4122 in
1240 4069 1300 4138 eius
1312 4070 1416 4129 bonore
1437 4074 1621 4149 deposcimus,
1644 4081 1746 4138 msul-

938 4145 1061 4220 lrrqante
1073 4159 1205 4228 consequi
1219 4173 1383 4219 mercamur.

939 4258 982 4318 Ea
1002 4265 1190 4324 audencodice
1204 4273 1291 4344 rapio,
1305 4291 1404 4332 menon
1427 4295 1461 4334 es
1478 4296 1527 4338 mr.
1555 4281 1658 4342 lliuuli
1681 4283 1743 4344 nu-

1037 4351 1102 4406 toirti
1115 4363 1140 4408 et
1149 4353 1223 4411 ooo.
1238 4357 1308 4414 1997
1330 4363 1358 4416 in
1373 4367 1526 4436 mutatione
1540 4368 1639 4428 iliaco.

977 4440 1167 4516 luccianum
1181 4459 1208 4505 et
1220 4449 1324 4521 jrrsturn
1338 4465 1378 4511 est
1399 4457 1498 4528 gratias
1508 4477 1600 4534 apere,
1615 4475 1676 4523 rota
1687 4465 1744 4525 sol·

939 4544 1018 4602 rere,
1045 4553 1157 4596 nrurerr
1187 4555 1369 4615 consecrare,
1392 4547 1509 4609 bomine
1535 4564 1629 4614 sancte
1660 4557 1745 4619 Pater

900 4631 1111 4720 omnipotens
1129 4643 1231 4692 eterne
1247 4635 1335 4707 bens,
1350 4641 1395 4712 qoi
1409 4644 1518 4702 beatum
1531 4643 1663 4709 liberium
1675 4668 1743 4711 con-

939 4720 1072 4781 lessorem
1091 4734 1167 4782 tuum
1185 4730 1346 4802 prtceleqisti
1362 4735 1409 4790 tibi
1434 4749 1548 4797 sacrntae
1560 4742 1743 4804 consessionis

940 4827 992 4874 tuae
1007 4819 1169 4891 antistitem,
1180 4824 1279 4896 ingenti
1293 4826 1396 4886 lumine
1415 4844 1614 4906 coruscantem,
1635 4855 1742 4896 ntorum

939 4906 1223 4984 lermatepollentem,
1243 4913 1306 4974 bulci
1321 4919 1428 4979 lectore
1440 4923 1616 4998 flagrantem,
1639 4929 1743 5000 eloquii

938 4998 1015 5057 loute
1042 5012 1212 5061 torrentem:
1236 5009 1277 5063 coi
1300 5026 1359 5083 qnae
1383 5014 1419 5070 sit
1437 5018 1585 5094 qlnriatio(
1605 5021 1668 5096 liep.
1689 5041 1742 5082 mr.

939 5098 1098 5169 plorillcatio
1110 5144 1118 5170 ,
1131 5101 1272 5176 )ostendit
1285 5123 1433 5169 concursus
1452 5115 1485 5169 ad
1502 5119 1643 5187 tuorulum,
1665 5123 1742 5191 puri·

943 5191 1221 5265 ficatioinenrsorurn,
1236 5201 1341 5260 medela
1353 5205 1549 5283 languentium,
1557 5216 1741 5276 mirandarum

942 5285 1018 5357 siqna
1039 5288 1179 5346 vimotrrrn.
1202 5293 1252 5362 Qui
1268 5299 1319 5352 etsi
1335 5298 1380 5354 bic
1392 5309 1488 5358 natura
1505 5302 1569 5362 lecit
1592 5306 1675 5364 dinem
1692 5326 1742 5380 per

942 5378 1095 5447 causitum,
1111 5381 1275 5442 ilttcrtrnnc
1293 5387 1433 5449 Ponlillcis
1455 5395 1551 5452 merita
1566 5405 1630 5468 post
1650 5399 1742 5468 sepul·

940 5481 1029 5537 erarn,
1054 5471 1100 5528 ubi
1121 5479 1265 5545 presentia
1296 5481 1445 5541 saluatoris
1466 5495 1508 5542 est
1535 5487 1562 5544 l.
1578 5487 1609 5544 G.
1634 5487 1740 5548 bomini

942 5563 1030 5620 rostri
1044 5580 1052 5622 :
1065 5577 1117 5636 pet·
1130 5581 1224 5640 quem.
1237 5580 1290 5630 ete.

978 5745 1019 5818 le]
1039 5747 1076 5802 F.
1091 5746 1266 5808 admablle...
1280 5751 1458 5810 iestirltate...
1471 5763 1644 5817 recurrente.
1665 5757 1741 5823 luem

941 5815 1156 5888 warewe-
1172 5821 1271 5877 tutore
1288 5838 1341 5879 raa
1364 5821 1519 5880 blitabri
1534 5835 1607 5884 mut
1630 5832 1658 5889 br
1680 5851 1742 5895 m.

942 5885 1004 5944 tlum
1018 5893 1141 5947 orationis
1161 5891 1216 5948 deo
1239 5897 1313 5965 (usu.
