<?xml version="1.0" encoding="UTF-8"?>
<!DOCTYPE html PUBLIC "-//W3C//DTD XHTML 1.0 Transitional//EN"
    "http://www.w3.org/TR/xhtml1/DTD/xhtml1-transitional.dtd">
<html xmlns="http://www.w3.org/1999/xhtml" xml:lang="en" lang="en">
 <head>
  <title>
</title>
<meta http-equiv="Content-Type" content="text/html;charset=utf-8" />
  <meta name='ocr-system' content='tesseract 3.04.00' />
  <meta name='ocr-capabilities' content='ocr_page ocr_carea ocr_par ocr_line ocrx_word'/>
</head>
<body>
  <div class='ocr_page' id='page_1' title='image "./patrologiaecurs220unkngoog_0521.png"; bbox 0 0 4042 6342; ppageno 0'>
   <div class='ocr_carea' id='block_1_1' title="bbox 67 299 1723 396">
    <p class='ocr_par' dir='ltr' id='par_1_1' title="bbox 67 299 1723 396">
     <span class='ocr_line' id='line_1_1' title="bbox 67 299 1723 396; baseline 0.01 -18"><span class='ocrx_word' id='word_1_1' title='bbox 67 319 126 378; x_wconf 81' lang='lat' dir='ltr'>ass</span> <span class='ocrx_word' id='word_1_2' title='bbox 297 299 335 312; x_wconf 81' lang='grc'><em>”</em></span> <span class='ocrx_word' id='word_1_3' title='bbox 531 321 802 384; x_wconf 82' lang='lat' dir='ltr'>couumranrus</span> <span class='ocrx_word' id='word_1_4' title='bbox 819 322 853 381; x_wconf 87' lang='lat' dir='ltr'>m</span> <span class='ocrx_word' id='word_1_5' title='bbox 871 321 1088 384; x_wconf 76' lang='lat' dir='ltr'>mmusuu.</span> <span class='ocrx_word' id='word_1_6' title='bbox 1110 323 1187 384; x_wconf 84' lang='lat' dir='ltr'>una.</span> <span class='ocrx_word' id='word_1_7' title='bbox 1207 325 1267 386; x_wconf 80' lang='lat' dir='ltr'>xrs.</span> <span class='ocrx_word' id='word_1_8' title='bbox 1670 331 1723 396; x_wconf 82' lang='lat' dir='ltr'>aas</span> 
     </span>
    </p>
   </div>
   <div class='ocr_carea' id='block_1_2' title="bbox 39 437 1728 5096">
    <p class='ocr_par' dir='ltr' id='par_1_2' title="bbox 39 437 1728 5096">
     <span class='ocr_line' id='line_1_2' title="bbox 69 437 1722 520; baseline 0.004 -24"><span class='ocrx_word' id='word_1_9' title='bbox 69 441 139 498; x_wconf 80' lang='lat' dir='ltr'>tisun</span> <span class='ocrx_word' id='word_1_10' title='bbox 151 439 188 498; x_wconf 84' lang='lat' dir='ltr'>oe</span> <span class='ocrx_word' id='word_1_11' title='bbox 200 438 264 500; x_wconf 83' lang='lat' dir='ltr'>dsts</span> <span class='ocrx_word' id='word_1_12' title='bbox 277 439 405 513; x_wconf 66' lang='lat' dir='ltr'>sentitus</span> <span class='ocrx_word' id='word_1_13' title='bbox 418 438 506 497; x_wconf 86' lang='lat' dir='ltr'>sainte</span> <span class='ocrx_word' id='word_1_14' title='bbox 519 439 665 498; x_wconf 81' lang='lat' dir='ltr'>contrusus</span> <span class='ocrx_word' id='word_1_15' title='bbox 678 448 737 498; x_wconf 84' lang='lat' dir='ltr'>est:</span> <span class='ocrx_word' id='word_1_16' title='bbox 756 448 787 494; x_wconf 87' lang='lat' dir='ltr'>ut</span> <span class='ocrx_word' id='word_1_17' title='bbox 800 437 871 497; x_wconf 84' lang='lat' dir='ltr'>iden</span> <span class='ocrx_word' id='word_1_18' title='bbox 885 439 910 503; x_wconf 74' lang='grc' dir='ltr'><strong>Α</strong></span> <span class='ocrx_word' id='word_1_19' title='bbox 924 447 965 496; x_wconf 87' lang='lat' dir='ltr'>tos</span> <span class='ocrx_word' id='word_1_20' title='bbox 977 454 1013 497; x_wconf 89' lang='lat' dir='ltr'>an</span> <span class='ocrx_word' id='word_1_21' title='bbox 1027 455 1124 498; x_wconf 84' lang='lat' dir='ltr'>curare</span> <span class='ocrx_word' id='word_1_22' title='bbox 1138 441 1259 499; x_wconf 78' lang='lat' dir='ltr'>miletis</span> <span class='ocrx_word' id='word_1_23' title='bbox 1274 441 1370 502; x_wconf 89' lang='lat' dir='ltr'>liceret</span> <span class='ocrx_word' id='word_1_24' title='bbox 1384 443 1464 519; x_wconf 78' lang='lat' dir='ltr'>(liin.</span> <span class='ocrx_word' id='word_1_25' title='bbox 1481 445 1533 520; x_wconf 78' lang='lat' dir='ltr'>tii:</span> <span class='ocrx_word' id='word_1_26' title='bbox 1548 451 1722 511; x_wconf 71' lang='lat' dir='ltr'>occasionem</span> 
     </span>
     <span class='ocr_line' id='line_1_3' title="bbox 68 530 1725 613; baseline 0.007 -23"><span class='ocrx_word' id='word_1_27' title='bbox 68 545 170 590; x_wconf 85' lang='lat' dir='ltr'>sensus</span> <span class='ocrx_word' id='word_1_28' title='bbox 181 541 211 588; x_wconf 88' lang='lat' dir='ltr'>et</span> <span class='ocrx_word' id='word_1_29' title='bbox 222 533 363 604; x_wconf 73' lang='lat' dir='ltr'>superiora</span> <span class='ocrx_word' id='word_1_30' title='bbox 376 540 405 590; x_wconf 88' lang='lat' dir='ltr'>et</span> <span class='ocrx_word' id='word_1_31' title='bbox 416 531 612 604; x_wconf 81' lang='lat' dir='ltr'>consequentia</span> <span class='ocrx_word' id='word_1_32' title='bbox 626 530 872 602; x_wconf 73' lang='lat' dir='ltr'>mantuanensem</span> <span class='ocrx_word' id='word_1_33' title='bbox 922 533 1052 605; x_wconf 72' lang='lat' dir='ltr'>arguendi</span> <span class='ocrx_word' id='word_1_34' title='bbox 1066 550 1130 592; x_wconf 89' lang='lat' dir='ltr'>euru</span> <span class='ocrx_word' id='word_1_35' title='bbox 1144 551 1176 592; x_wconf 88' lang='lat' dir='ltr'>es</span> <span class='ocrx_word' id='word_1_36' title='bbox 1193 537 1370 608; x_wconf 80' lang='lat' dir='ltr'>responsione</span> <span class='ocrx_word' id='word_1_37' title='bbox 1385 548 1549 611; x_wconf 74' lang='lat' dir='ltr'><strong>quaerentes.</strong></span> <span class='ocrx_word' id='word_1_38' title='bbox 1562 540 1637 613; x_wconf 78' lang='lat' dir='ltr'>Quos</span> <span class='ocrx_word' id='word_1_39' title='bbox 1649 544 1725 603; x_wconf 87' lang='lat' dir='ltr'>deci·</span> 
     </span>
     <span class='ocr_line' id='line_1_4' title="bbox 68 622 1723 706; baseline 0.008 -26"><span class='ocrx_word' id='word_1_40' title='bbox 68 639 121 698; x_wconf 88' lang='lat' dir='ltr'>per</span> <span class='ocrx_word' id='word_1_41' title='bbox 134 624 241 696; x_wconf 79' lang='lat' dir='ltr'>reliqua</span> <span class='ocrx_word' id='word_1_42' title='bbox 254 638 409 682; x_wconf 76' lang='lat' dir='ltr'>nstramus</span> <span class='ocrx_word' id='word_1_43' title='bbox 421 624 495 698; x_wconf 69' lang='lat' dir='ltr'>Aser</span> <span class='ocrx_word' id='word_1_44' title='bbox 508 625 627 682; x_wconf 83' lang='lat' dir='ltr'>muudus</span> <span class='ocrx_word' id='word_1_45' title='bbox 645 633 702 694; x_wconf 87' lang='lat' dir='ltr'>est,</span> <span class='ocrx_word' id='word_1_46' title='bbox 720 622 758 697; x_wconf 82' lang='lat' dir='ltr'>(a)</span> <span class='ocrx_word' id='word_1_47' title='bbox 774 622 873 680; x_wconf 86' lang='lat' dir='ltr'>sabba·</span> <span class='ocrx_word' id='word_1_48' title='bbox 921 625 1013 684; x_wconf 79' lang='lat' dir='ltr'>uerutis</span> <span class='ocrx_word' id='word_1_49' title='bbox 1026 627 1053 684; x_wconf 93' lang='lat' dir='ltr'>in</span> <span class='ocrx_word' id='word_1_50' title='bbox 1068 629 1174 686; x_wconf 81' lang='lat' dir='ltr'>ioncarn</span> <span class='ocrx_word' id='word_1_51' title='bbox 1186 629 1246 686; x_wconf 86' lang='lat' dir='ltr'>oris</span> <span class='ocrx_word' id='word_1_52' title='bbox 1259 630 1393 688; x_wconf 78' lang='lat' dir='ltr'>conclusit</span> <span class='ocrx_word' id='word_1_53' title='bbox 1407 633 1548 703; x_wconf 83' lang='lat' dir='ltr'>exemplo,</span> <span class='ocrx_word' id='word_1_54' title='bbox 1563 649 1643 706; x_wconf 85' lang='lat' dir='ltr'>quam</span> <span class='ocrx_word' id='word_1_55' title='bbox 1663 637 1723 696; x_wconf 78' lang='lat' dir='ltr'>sirie</span> 
     </span>
     <span class='ocr_line' id='line_1_5' title="bbox 68 715 1721 804; baseline 0.007 -31"><span class='ocrx_word' id='word_1_56' title='bbox 68 726 128 774; x_wconf 88' lang='lat' dir='ltr'>turn</span> <span class='ocrx_word' id='word_1_57' title='bbox 162 717 249 774; x_wconf 88' lang='lat' dir='ltr'>otium</span> <span class='ocrx_word' id='word_1_58' title='bbox 267 725 325 786; x_wconf 84' lang='lat' dir='ltr'>est,</span> <span class='ocrx_word' id='word_1_59' title='bbox 356 731 437 790; x_wconf 75' lang='lat' dir='ltr'>senes</span> <span class='ocrx_word' id='word_1_60' title='bbox 459 717 659 776; x_wconf 81' lang='lat' dir='ltr'>crediturorum</span> <span class='ocrx_word' id='word_1_61' title='bbox 677 715 816 788; x_wconf 89' lang='lat' dir='ltr'>proiectus</span> <span class='ocrx_word' id='word_1_62' title='bbox 843 715 870 772; x_wconf 89' lang='lat' dir='ltr'>iu</span> <span class='ocrx_word' id='word_1_63' title='bbox 919 719 1036 777; x_wconf 85' lang='lat' dir='ltr'>crimine</span> <span class='ocrx_word' id='word_1_64' title='bbox 1048 719 1161 778; x_wconf 80' lang='lat' dir='ltr'>sabbato</span> <span class='ocrx_word' id='word_1_65' title='bbox 1175 721 1320 780; x_wconf 84' lang='lat' dir='ltr'>extrahere</span> <span class='ocrx_word' id='word_1_66' title='bbox 1337 721 1363 796; x_wconf 81' lang='lat' dir='ltr'>(s</span> <span class='ocrx_word' id='word_1_67' title='bbox 1368 725 1377 794; x_wconf 93' lang='grc'><strong>)</strong></span> <span class='ocrx_word' id='word_1_68' title='bbox 1393 724 1450 781; x_wconf 91' lang='lat' dir='ltr'>sint</span> <span class='ocrx_word' id='word_1_69' title='bbox 1463 724 1574 782; x_wconf 87' lang='lat' dir='ltr'>solliciti</span> <span class='ocrx_word' id='word_1_70' title='bbox 1588 725 1642 800; x_wconf 85' lang='lat' dir='ltr'>(it.</span> <span class='ocrx_word' id='word_1_71' title='bbox 1659 727 1721 804; x_wconf 73' lang='lat' dir='ltr'>tii:</span> 
     </span>
     <span class='ocr_line' id='line_1_6' title="bbox 66 807 1720 892; baseline 0.005 -25"><span class='ocrx_word' id='word_1_72' title='bbox 66 823 192 867; x_wconf 84' lang='lat' dir='ltr'>messem</span> <span class='ocrx_word' id='word_1_73' title='bbox 212 819 265 866; x_wconf 90' lang='lat' dir='ltr'>cst.</span> <span class='ocrx_word' id='word_1_74' title='bbox 287 809 360 882; x_wconf 68' lang='lat' dir='ltr'>Ergo</span> <span class='ocrx_word' id='word_1_75' title='bbox 381 809 494 867; x_wconf 75' lang='lat' dir='ltr'>ssbbmn</span> <span class='ocrx_word' id='word_1_76' title='bbox 512 809 540 866; x_wconf 90' lang='lat' dir='ltr'>in</span> <span class='ocrx_word' id='word_1_77' title='bbox 558 807 825 882; x_wconf 64' lang='lat' dir='ltr'>mummolenus,</span> <span class='ocrx_word' id='word_1_78' title='bbox 841 807 869 864; x_wconf 92' lang='lat' dir='ltr'>in</span> <span class='ocrx_word' id='word_1_79' title='bbox 920 811 1076 884; x_wconf 74' lang='lat' dir='ltr'><strong>rectiusque</strong></span> <span class='ocrx_word' id='word_1_80' title='bbox 1088 813 1191 870; x_wconf 83' lang='lat' dir='ltr'>homiui</span> <span class='ocrx_word' id='word_1_81' title='bbox 1201 855 1209 884; x_wconf 94' lang='lat'>,</span> <span class='ocrx_word' id='word_1_82' title='bbox 1220 815 1266 887; x_wconf 85' lang='lat' dir='ltr'>qui</span> <span class='ocrx_word' id='word_1_83' title='bbox 1279 815 1322 871; x_wconf 86' lang='lat' dir='ltr'>osi</span> <span class='ocrx_word' id='word_1_84' title='bbox 1334 825 1461 887; x_wconf 74' lang='lat' dir='ltr'>prestet,</span> <span class='ocrx_word' id='word_1_85' title='bbox 1473 817 1637 892; x_wconf 81' lang='lat' dir='ltr'>medensium</span> <span class='ocrx_word' id='word_1_86' title='bbox 1649 835 1720 889; x_wconf 89' lang='lat' dir='ltr'>esse;</span> 
     </span>
     <span class='ocr_line' id='line_1_7' title="bbox 66 900 1720 977; baseline 0.008 -19"><span class='ocrx_word' id='word_1_87' title='bbox 66 900 138 975; x_wconf 73' lang='lat' dir='ltr'>legis</span> <span class='ocrx_word' id='word_1_88' title='bbox 151 902 211 960; x_wconf 88' lang='lat' dir='ltr'>otio</span> <span class='ocrx_word' id='word_1_89' title='bbox 225 901 333 960; x_wconf 69' lang='lat' dir='ltr'>lumini</span> <span class='ocrx_word' id='word_1_90' title='bbox 349 916 510 975; x_wconf 67' lang='lat' dir='ltr'>progressus</span> <span class='ocrx_word' id='word_1_91' title='bbox 530 901 559 960; x_wconf 93' lang='lat' dir='ltr'>iu</span> <span class='ocrx_word' id='word_1_92' title='bbox 580 902 796 959; x_wconf 70' lang='lat' dir='ltr'>concinandum</span> <span class='ocrx_word' id='word_1_93' title='bbox 811 910 869 968; x_wconf 88' lang='lat' dir='ltr'>est,</span> <span class='ocrx_word' id='word_1_94' title='bbox 920 918 1011 977; x_wconf 83' lang='lat' dir='ltr'>neque</span> <span class='ocrx_word' id='word_1_95' title='bbox 1026 906 1177 964; x_wconf 86' lang='lat' dir='ltr'>ministerio</span> <span class='ocrx_word' id='word_1_96' title='bbox 1189 907 1285 965; x_wconf 88' lang='lat' dir='ltr'>salutis</span> <span class='ocrx_word' id='word_1_97' title='bbox 1300 909 1423 966; x_wconf 82' lang='lat' dir='ltr'>irumann</span> <span class='ocrx_word' id='word_1_98' title='bbox 1435 909 1645 969; x_wconf 82' lang='lat' dir='ltr'>existimandum</span> <span class='ocrx_word' id='word_1_99' title='bbox 1661 914 1720 972; x_wconf 82' lang='lat' dir='ltr'>sair-</span> 
     </span>
     <span class='ocr_line' id='line_1_8' title="bbox 66 993 1722 1076; baseline 0.007 -23"><span class='ocrx_word' id='word_1_100' title='bbox 66 1005 193 1068; x_wconf 68' lang='lat' dir='ltr'>segetom</span> <span class='ocrx_word' id='word_1_101' title='bbox 206 1010 286 1063; x_wconf 87' lang='lat' dir='ltr'>cam,</span> <span class='ocrx_word' id='word_1_102' title='bbox 297 994 325 1052; x_wconf 82' lang='lat' dir='ltr'>iti</span> <span class='ocrx_word' id='word_1_103' title='bbox 337 1003 394 1062; x_wconf 85' lang='lat' dir='ltr'>cst,</span> <span class='ocrx_word' id='word_1_104' title='bbox 418 993 551 1052; x_wconf 85' lang='lat' dir='ltr'>sationem</span> <span class='ocrx_word' id='word_1_105' title='bbox 576 994 686 1076; x_wconf 70' lang='lat' dir='ltr'>uumsui</span> <span class='ocrx_word' id='word_1_106' title='bbox 707 996 816 1067; x_wconf 74' lang='lat' dir='ltr'>gesseris</span> <span class='ocrx_word' id='word_1_107' title='bbox 828 995 869 1051; x_wconf 94' lang='lat' dir='ltr'>in·</span> <span class='ocrx_word' id='word_1_108' title='bbox 920 997 1012 1055; x_wconf 82' lang='lat' dir='ltr'>batum</span> <span class='ocrx_word' id='word_1_109' title='bbox 1027 1014 1107 1070; x_wconf 90' lang='lat' dir='ltr'>posse</span> <span class='ocrx_word' id='word_1_110' title='bbox 1121 1000 1217 1060; x_wconf 87' lang='lat' dir='ltr'>uiolari</span> <span class='ocrx_word' id='word_1_111' title='bbox 1228 1044 1235 1071; x_wconf 92' lang='lat'><strong>‚</strong></span> <span class='ocrx_word' id='word_1_112' title='bbox 1248 1001 1322 1075; x_wconf 85' lang='lat' dir='ltr'>quod</span> <span class='ocrx_word' id='word_1_113' title='bbox 1335 1002 1511 1061; x_wconf 80' lang='lat' dir='ltr'>extrahendae</span> <span class='ocrx_word' id='word_1_114' title='bbox 1525 1003 1560 1064; x_wconf 85' lang='lat' dir='ltr'>de</span> <span class='ocrx_word' id='word_1_115' title='bbox 1572 1005 1650 1064; x_wconf 85' lang='lat' dir='ltr'>lorea</span> <span class='ocrx_word' id='word_1_116' title='bbox 1663 1009 1722 1065; x_wconf 85' lang='lat' dir='ltr'>ouis</span> 
     </span>
     <span class='ocr_line' id='line_1_9' title="bbox 63 1087 1250 1161; baseline 0.007 -16"><span class='ocrx_word' id='word_1_117' title='bbox 63 1089 172 1146; x_wconf 80' lang='lat' dir='ltr'>uiscus.</span> <span class='ocrx_word' id='word_1_118' title='bbox 187 1087 223 1146; x_wconf 81' lang='lat' dir='ltr'>lit</span> <span class='ocrx_word' id='word_1_119' title='bbox 235 1088 298 1161; x_wconf 81' lang='lat' dir='ltr'>quis</span> <span class='ocrx_word' id='word_1_120' title='bbox 312 1087 426 1146; x_wconf 88' lang='lat' dir='ltr'>esuritio</span> <span class='ocrx_word' id='word_1_121' title='bbox 443 1087 530 1146; x_wconf 86' lang='lat' dir='ltr'>isurcs</span> <span class='ocrx_word' id='word_1_122' title='bbox 547 1096 591 1146; x_wconf 88' lang='lat' dir='ltr'>est</span> <span class='ocrx_word' id='word_1_123' title='bbox 608 1089 703 1146; x_wconf 70' lang='lat' dir='ltr'>salsum</span> <span class='ocrx_word' id='word_1_124' title='bbox 723 1087 866 1156; x_wconf 59' lang='lat' dir='ltr'>humanm</span> <span class='ocrx_word' id='word_1_125' title='bbox 919 1091 1074 1151; x_wconf 82' lang='lat' dir='ltr'>sollicitudo</span> <span class='ocrx_word' id='word_1_126' title='bbox 1087 1109 1141 1150; x_wconf 94' lang='lat' dir='ltr'>nou</span> <span class='ocrx_word' id='word_1_127' title='bbox 1155 1095 1250 1154; x_wconf 82' lang='lat' dir='ltr'>uiolet.</span> 
     </span>
     <span class='ocr_line' id='line_1_10' title="bbox 64 1180 1720 1267; baseline 0.01 -31"><span class='ocrx_word' id='word_1_128' title='bbox 64 1181 149 1256; x_wconf 73' lang='lat'>727</span> <span class='ocrx_word' id='word_1_129' title='bbox 163 1181 253 1252; x_wconf 84' lang='lat' dir='ltr'>spicss</span> <span class='ocrx_word' id='word_1_130' title='bbox 267 1195 439 1252; x_wconf 70' lang='lat' dir='ltr'>praecerpere</span> <span class='ocrx_word' id='word_1_131' title='bbox 453 1195 486 1238; x_wconf 89' lang='lat' dir='ltr'>ac</span> <span class='ocrx_word' id='word_1_132' title='bbox 499 1180 618 1247; x_wconf 82' lang='lat' dir='ltr'>uellere,</span> <span class='ocrx_word' id='word_1_133' title='bbox 638 1181 743 1238; x_wconf 88' lang='lat' dir='ltr'>scilicet</span> <span class='ocrx_word' id='word_1_134' title='bbox 761 1188 869 1236; x_wconf 86' lang='lat' dir='ltr'>sancto-</span> <span class='ocrx_word' id='word_1_135' title='bbox 953 1187 982 1241; x_wconf 79' lang='lat'>7.</span> <span class='ocrx_word' id='word_1_136' title='bbox 1006 1183 1061 1242; x_wconf 77' lang='lat' dir='ltr'>ilos</span> <span class='ocrx_word' id='word_1_137' title='bbox 1082 1187 1227 1260; x_wconf 71' lang='lat' dir='ltr'>siouipicot,</span> <span class='ocrx_word' id='word_1_138' title='bbox 1248 1191 1340 1264; x_wconf 78' lang='lat' dir='ltr'>oritus</span> <span class='ocrx_word' id='word_1_139' title='bbox 1360 1191 1482 1248; x_wconf 80' lang='lat' dir='ltr'>oirunaun</span> <span class='ocrx_word' id='word_1_140' title='bbox 1497 1202 1646 1265; x_wconf 81' lang='lat' dir='ltr'>potestatem</span> <span class='ocrx_word' id='word_1_141' title='bbox 1660 1195 1720 1267; x_wconf 76' lang='lat' dir='ltr'>iecit</span> 
     </span>
     <span class='ocr_line' id='line_1_11' title="bbox 63 1273 1720 1354; baseline 0.007 -22"><span class='ocrx_word' id='word_1_142' title='bbox 63 1289 126 1332; x_wconf 90' lang='lat' dir='ltr'>rurn</span> <span class='ocrx_word' id='word_1_143' title='bbox 142 1289 175 1332; x_wconf 86' lang='lat' dir='ltr'>se</span> <span class='ocrx_word' id='word_1_144' title='bbox 187 1274 274 1332; x_wconf 75' lang='lat' dir='ltr'>saluts</span> <span class='ocrx_word' id='word_1_145' title='bbox 287 1273 388 1332; x_wconf 80' lang='lat' dir='ltr'>satiare</span> <span class='ocrx_word' id='word_1_146' title='bbox 397 1274 525 1346; x_wconf 78' lang='lat' dir='ltr'>discipuli</span> <span class='ocrx_word' id='word_1_147' title='bbox 537 1273 677 1333; x_wconf 78' lang='lat' dir='ltr'>festinant.</span> <span class='ocrx_word' id='word_1_148' title='bbox 689 1274 783 1347; x_wconf 85' lang='lat' dir='ltr'>Neque</span> <span class='ocrx_word' id='word_1_149' title='bbox 795 1273 868 1330; x_wconf 88' lang='lat' dir='ltr'>enim</span> <span class='ocrx_word' id='word_1_150' title='bbox 918 1277 1232 1354; x_wconf 65' lang='lat' dir='ltr'>Christus-Summum</span> <span class='ocrx_word' id='word_1_151' title='bbox 1246 1291 1320 1342; x_wconf 84' lang='lat' dir='ltr'>recte</span> <span class='ocrx_word' id='word_1_152' title='bbox 1333 1285 1393 1342; x_wconf 90' lang='lat' dir='ltr'>talis</span> <span class='ocrx_word' id='word_1_153' title='bbox 1407 1285 1514 1342; x_wconf 89' lang='lat' dir='ltr'>llomini</span> <span class='ocrx_word' id='word_1_154' title='bbox 1525 1287 1639 1344; x_wconf 86' lang='lat' dir='ltr'>curatio.</span> <span class='ocrx_word' id='word_1_155' title='bbox 1652 1287 1720 1344; x_wconf 87' lang='lat' dir='ltr'>Nam</span> 
     </span>
     <span class='ocr_line' id='line_1_12' title="bbox 62 1365 1720 1454; baseline 0.012 -31"><span class='ocrx_word' id='word_1_156' title='bbox 62 1365 172 1424; x_wconf 82' lang='lat' dir='ltr'>homini</span> <span class='ocrx_word' id='word_1_157' title='bbox 193 1366 319 1440; x_wconf 72' lang='lat' dir='ltr'>congruit</span> <span class='ocrx_word' id='word_1_158' title='bbox 340 1365 417 1426; x_wconf 72' lang='lat' dir='ltr'>curu</span> <span class='ocrx_word' id='word_1_159' title='bbox 438 1367 536 1440; x_wconf 77' lang='lat' dir='ltr'>spicae,</span> <span class='ocrx_word' id='word_1_160' title='bbox 551 1382 640 1438; x_wconf 78' lang='lat' dir='ltr'>neque</span> <span class='ocrx_word' id='word_1_161' title='bbox 654 1377 867 1438; x_wconf 88' lang='lat' dir='ltr'>prrccerptsrum</span> <span class='ocrx_word' id='word_1_162' title='bbox 918 1385 980 1445; x_wconf 86' lang='lat' dir='ltr'>post</span> <span class='ocrx_word' id='word_1_163' title='bbox 992 1375 1109 1433; x_wconf 82' lang='lat' dir='ltr'>reditum</span> <span class='ocrx_word' id='word_1_164' title='bbox 1126 1375 1160 1433; x_wconf 88' lang='lat' dir='ltr'>de</span> <span class='ocrx_word' id='word_1_165' title='bbox 1173 1387 1283 1448; x_wconf 76' lang='lat' dir='ltr'>segete,</span> <span class='ocrx_word' id='word_1_166' title='bbox 1299 1395 1332 1437; x_wconf 84' lang='lat' dir='ltr'>cr</span> <span class='ocrx_word' id='word_1_167' title='bbox 1345 1395 1398 1452; x_wconf 81' lang='lat' dir='ltr'>qua</span> <span class='ocrx_word' id='word_1_168' title='bbox 1410 1381 1467 1454; x_wconf 84' lang='lat' dir='ltr'>jam</span> <span class='ocrx_word' id='word_1_169' title='bbox 1483 1384 1599 1454; x_wconf 85' lang='lat' dir='ltr'>apostoli</span> <span class='ocrx_word' id='word_1_170' title='bbox 1617 1386 1720 1444; x_wconf 81' lang='lat' dir='ltr'>tructus</span> 
     </span>
     <span class='ocr_line' id='line_1_13' title="bbox 62 1457 1719 1550; baseline 0.013 -38"><span class='ocrx_word' id='word_1_171' title='bbox 62 1475 129 1517; x_wconf 81' lang='lat' dir='ltr'>esus</span> <span class='ocrx_word' id='word_1_172' title='bbox 142 1468 187 1516; x_wconf 88' lang='lat' dir='ltr'>cst</span> <span class='ocrx_word' id='word_1_173' title='bbox 201 1459 275 1550; x_wconf 84' lang='lat' dir='ltr'>utilis</span> <span class='ocrx_word' id='word_1_174' title='bbox 286 1459 452 1517; x_wconf 75' lang='lat' dir='ltr'>ausurum:</span> <span class='ocrx_word' id='word_1_175' title='bbox 468 1460 517 1517; x_wconf 85' lang='lat' dir='ltr'>scd</span> <span class='ocrx_word' id='word_1_176' title='bbox 533 1458 615 1516; x_wconf 89' lang='lat' dir='ltr'>iuturi</span> <span class='ocrx_word' id='word_1_177' title='bbox 629 1457 711 1516; x_wconf 81' lang='lat' dir='ltr'>iidem</span> <span class='ocrx_word' id='word_1_178' title='bbox 725 1457 787 1516; x_wconf 72' lang='lat' dir='ltr'>istil</span> <span class='ocrx_word' id='word_1_179' title='bbox 802 1473 866 1529; x_wconf 70' lang='lat' dir='ltr'>suc-</span> <span class='ocrx_word' id='word_1_180' title='bbox 917 1467 1033 1524; x_wconf 90' lang='lat' dir='ltr'>sationis</span> <span class='ocrx_word' id='word_1_181' title='bbox 1043 1478 1214 1540; x_wconf 86' lang='lat' dir='ltr'>acceperant,</span> <span class='ocrx_word' id='word_1_182' title='bbox 1227 1469 1261 1526; x_wconf 84' lang='lat' dir='ltr'>arl</span> <span class='ocrx_word' id='word_1_183' title='bbox 1272 1485 1435 1547; x_wconf 74' lang='lat' dir='ltr'>synagogam</span> <span class='ocrx_word' id='word_1_184' title='bbox 1446 1475 1536 1532; x_wconf 83' lang='lat' dir='ltr'>scuit:</span> <span class='ocrx_word' id='word_1_185' title='bbox 1550 1479 1632 1533; x_wconf 88' lang='lat' dir='ltr'>etiam</span> <span class='ocrx_word' id='word_1_186' title='bbox 1645 1477 1719 1535; x_wconf 91' lang='lat' dir='ltr'>illinc</span> 
     </span>
     <span class='ocr_line' id='line_1_14' title="bbox 63 1557 1717 1638; baseline 0.005 -22"><span class='ocrx_word' id='word_1_187' title='bbox 63 1559 122 1616; x_wconf 84' lang='lat' dir='ltr'>cies</span> <span class='ocrx_word' id='word_1_188' title='bbox 133 1559 303 1630; x_wconf 76' lang='lat' dir='ltr'>exsecuitur,</span> <span class='ocrx_word' id='word_1_189' title='bbox 318 1564 348 1615; x_wconf 86' lang='lat' dir='ltr'>et</span> <span class='ocrx_word' id='word_1_190' title='bbox 361 1557 447 1615; x_wconf 84' lang='lat' dir='ltr'>uirtus</span> <span class='ocrx_word' id='word_1_191' title='bbox 460 1557 602 1629; x_wconf 81' lang='lat' dir='ltr'>interiecta</span> <span class='ocrx_word' id='word_1_192' title='bbox 614 1557 761 1614; x_wconf 81' lang='lat' dir='ltr'>seriorum</span> <span class='ocrx_word' id='word_1_193' title='bbox 774 1570 866 1614; x_wconf 86' lang='lat' dir='ltr'>sacra-</span> <span class='ocrx_word' id='word_1_194' title='bbox 916 1559 1014 1615; x_wconf 89' lang='lat' dir='ltr'>messis</span> <span class='ocrx_word' id='word_1_195' title='bbox 1029 1574 1085 1616; x_wconf 81' lang='lat' dir='ltr'>sure</span> <span class='ocrx_word' id='word_1_196' title='bbox 1099 1560 1240 1629; x_wconf 88' lang='lat' dir='ltr'>operarios</span> <span class='ocrx_word' id='word_1_197' title='bbox 1254 1570 1411 1633; x_wconf 85' lang='lat' dir='ltr'>paraturus,</span> <span class='ocrx_word' id='word_1_198' title='bbox 1427 1565 1473 1637; x_wconf 86' lang='lat' dir='ltr'>qui</span> <span class='ocrx_word' id='word_1_199' title='bbox 1487 1567 1581 1638; x_wconf 86' lang='lat' dir='ltr'>piures</span> <span class='ocrx_word' id='word_1_200' title='bbox 1597 1579 1717 1638; x_wconf 89' lang='lat' dir='ltr'>postmu-</span> 
     </span>
     <span class='ocr_line' id='line_1_15' title="bbox 65 1651 1718 1736; baseline 0.004 -26"><span class='ocrx_word' id='word_1_201' title='bbox 65 1663 190 1711; x_wconf 86' lang='lat' dir='ltr'>mentum</span> <span class='ocrx_word' id='word_1_202' title='bbox 206 1661 235 1710; x_wconf 88' lang='lat' dir='ltr'>et</span> <span class='ocrx_word' id='word_1_203' title='bbox 253 1652 412 1710; x_wconf 73' lang='lat' dir='ltr'>esuritionis</span> <span class='ocrx_word' id='word_1_204' title='bbox 426 1662 453 1709; x_wconf 92' lang='lat' dir='ltr'>et</span> <span class='ocrx_word' id='word_1_205' title='bbox 467 1651 601 1710; x_wconf 75' lang='lat' dir='ltr'>satietatis</span> <span class='ocrx_word' id='word_1_206' title='bbox 614 1652 742 1708; x_wconf 81' lang='lat' dir='ltr'>absolsit.</span> <span class='ocrx_word' id='word_1_207' title='bbox 916 1651 980 1710; x_wconf 82' lang='lat' dir='ltr'>uon</span> <span class='ocrx_word' id='word_1_208' title='bbox 993 1665 1047 1708; x_wconf 89' lang='lat' dir='ltr'>uua</span> <span class='ocrx_word' id='word_1_209' title='bbox 1057 1651 1210 1726; x_wconf 71' lang='lat' dir='ltr'>mcum</span> <span class='ocrx_word' id='word_1_210' title='bbox 1219 1653 1527 1724; x_wconf 83' lang='lat' dir='ltr'>apostoliserstiterunt.</span> <span class='ocrx_word' id='word_1_211' title='bbox 1539 1659 1572 1715; x_wconf 91' lang='lat' dir='ltr'>lli</span> <span class='ocrx_word' id='word_1_212' title='bbox 1585 1657 1667 1733; x_wconf 72' lang='lat' dir='ltr'>igitur</span> <span class='ocrx_word' id='word_1_213' title='bbox 1679 1661 1718 1736; x_wconf 76' lang='lat' dir='ltr'>(p)</span> 
     </span>
     <span class='ocr_line' id='line_1_16' title="bbox 99 1743 1718 1820; baseline 0.003 -16"><span class='ocrx_word' id='word_1_214' title='bbox 99 1748 128 1804; x_wconf 75' lang='lat'>3.</span> <span class='ocrx_word' id='word_1_215' title='bbox 140 1745 583 1820; x_wconf 69' lang='lat' dir='ltr'>inarustquipcncssectasen</span> <span class='ocrx_word' id='word_1_216' title='bbox 594 1746 727 1803; x_wconf 79' lang='lat' dir='ltr'>caelorum</span> <span class='ocrx_word' id='word_1_217' title='bbox 737 1745 865 1802; x_wconf 86' lang='lat' dir='ltr'>cssecxi·</span> <span class='ocrx_word' id='word_1_218' title='bbox 903 1752 1047 1801; x_wconf 71' lang='lat' dir='ltr'>curantur</span> <span class='ocrx_word' id='word_1_219' title='bbox 1061 1743 1087 1799; x_wconf 92' lang='lat' dir='ltr'>in</span> <span class='ocrx_word' id='word_1_220' title='bbox 1102 1759 1209 1801; x_wconf 88' lang='lat' dir='ltr'>manco.</span> <span class='ocrx_word' id='word_1_221' title='bbox 1231 1745 1331 1802; x_wconf 76' lang='lat' dir='ltr'>lisimas</span> <span class='ocrx_word' id='word_1_222' title='bbox 1344 1749 1524 1808; x_wconf 88' lang='lat' dir='ltr'>enimsaiutis</span> <span class='ocrx_word' id='word_1_223' title='bbox 1538 1751 1718 1810; x_wconf 87' lang='lat' dir='ltr'>substantiam</span> 
     </span>
     <span class='ocr_line' id='line_1_17' title="bbox 60 1833 1719 1916; baseline 0.003 -18"><span class='ocrx_word' id='word_1_224' title='bbox 60 1841 217 1908; x_wconf 87' lang='lat' dir='ltr'>stimarent,</span> <span class='ocrx_word' id='word_1_225' title='bbox 231 1839 325 1896; x_wconf 81' lang='lat' dir='ltr'>illicita</span> <span class='ocrx_word' id='word_1_226' title='bbox 336 1853 417 1912; x_wconf 68' lang='lat' dir='ltr'>spere</span> <span class='ocrx_word' id='word_1_227' title='bbox 429 1837 580 1910; x_wconf 83' lang='lat' dir='ltr'>discipulus</span> <span class='ocrx_word' id='word_1_228' title='bbox 592 1847 743 1909; x_wconf 76' lang='lat' dir='ltr'>marpuunt</span> <span class='ocrx_word' id='word_1_229' title='bbox 752 1835 863 1911; x_wconf 83' lang='lat' dir='ltr'>(licttl.</span> <span class='ocrx_word' id='word_1_230' title='bbox 879 1833 972 1896; x_wconf 82' lang='lat' dir='ltr'>Boon</span> <span class='ocrx_word' id='word_1_231' title='bbox 987 1837 1135 1904; x_wconf 83' lang='lat' dir='ltr'>habebant,</span> <span class='ocrx_word' id='word_1_232' title='bbox 1152 1848 1180 1896; x_wconf 85' lang='lat' dir='ltr'>et</span> <span class='ocrx_word' id='word_1_233' title='bbox 1193 1853 1288 1896; x_wconf 88' lang='lat' dir='ltr'>manus</span> <span class='ocrx_word' id='word_1_234' title='bbox 1302 1839 1420 1899; x_wconf 87' lang='lat' dir='ltr'>olicium</span> <span class='ocrx_word' id='word_1_235' title='bbox 1432 1845 1565 1916; x_wconf 77' lang='lat' dir='ltr'>comebat,</span> <span class='ocrx_word' id='word_1_236' title='bbox 1581 1857 1608 1903; x_wconf 90' lang='lat' dir='ltr'>et</span> <span class='ocrx_word' id='word_1_237' title='bbox 1622 1847 1719 1904; x_wconf 90' lang='lat' dir='ltr'>minis-</span> 
     </span>
     <span class='ocr_line' id='line_1_18' title="bbox 58 1930 1718 2014; baseline 0.004 -23"><span class='ocrx_word' id='word_1_238' title='bbox 58 1949 107 2004; x_wconf 82' lang='lat' dir='ltr'>ru,</span> <span class='ocrx_word' id='word_1_239' title='bbox 121 1933 173 2006; x_wconf 63' lang='lat' dir='ltr'>ti:</span> <span class='ocrx_word' id='word_1_240' title='bbox 194 1948 264 2006; x_wconf 82' lang='lat' dir='ltr'>quos</span> <span class='ocrx_word' id='word_1_241' title='bbox 278 1933 410 1989; x_wconf 86' lang='lat' dir='ltr'>llomiuus</span> <span class='ocrx_word' id='word_1_242' title='bbox 423 1931 487 1989; x_wconf 91' lang='lat' dir='ltr'>iacti</span> <span class='ocrx_word' id='word_1_243' title='bbox 502 1931 583 2005; x_wconf 81' lang='lat' dir='ltr'>ejus,</span> <span class='ocrx_word' id='word_1_244' title='bbox 595 1930 622 1988; x_wconf 92' lang='lat' dir='ltr'>in</span> <span class='ocrx_word' id='word_1_245' title='bbox 637 1947 691 2005; x_wconf 84' lang='lat' dir='ltr'>quo</span> <span class='ocrx_word' id='word_1_246' title='bbox 702 1931 755 1988; x_wconf 87' lang='lat' dir='ltr'>sub</span> <span class='ocrx_word' id='word_1_247' title='bbox 769 1946 860 1988; x_wconf 89' lang='lat' dir='ltr'>rerum</span> <span class='ocrx_word' id='word_1_248' title='bbox 913 1931 1011 1990; x_wconf 87' lang='lat' dir='ltr'>terium</span> <span class='ocrx_word' id='word_1_249' title='bbox 1025 1932 1158 2004; x_wconf 88' lang='lat' dir='ltr'>corporis,</span> <span class='ocrx_word' id='word_1_250' title='bbox 1172 1948 1227 2004; x_wconf 83' lang='lat' dir='ltr'>quo</span> <span class='ocrx_word' id='word_1_251' title='bbox 1239 1933 1339 2005; x_wconf 82' lang='lat' dir='ltr'>aliquid</span> <span class='ocrx_word' id='word_1_252' title='bbox 1354 1936 1441 2007; x_wconf 76' lang='lat' dir='ltr'>agitur</span> <span class='ocrx_word' id='word_1_253' title='bbox 1463 1947 1543 2009; x_wconf 85' lang='lat' dir='ltr'>atque</span> <span class='ocrx_word' id='word_1_254' title='bbox 1558 1937 1598 2014; x_wconf 85' lang='lat' dir='ltr'>(l)</span> <span class='ocrx_word' id='word_1_255' title='bbox 1614 1941 1718 2014; x_wconf 91' lang='lat' dir='ltr'>imper·</span> 
     </span>
     <span class='ocr_line' id='line_1_19' title="bbox 55 2024 1716 2103; baseline 0.003 -19"><span class='ocrx_word' id='word_1_256' title='bbox 55 2035 223 2101; x_wconf 69' lang='lat' dir='ltr'>argumento</span> <span class='ocrx_word' id='word_1_257' title='bbox 231 2025 381 2098; x_wconf 76' lang='lat' dir='ltr'>propinetis</span> <span class='ocrx_word' id='word_1_258' title='bbox 387 2025 626 2092; x_wconf 90' lang='lat' dir='ltr'>ratiocoutinetur,</span> <span class='ocrx_word' id='word_1_259' title='bbox 633 2024 772 2081; x_wconf 84' lang='lat' dir='ltr'>admonuit</span> <span class='ocrx_word' id='word_1_260' title='bbox 778 2024 862 2081; x_wconf 82' lang='lat' dir='ltr'>iiauirl</span> <span class='ocrx_word' id='word_1_261' title='bbox 914 2024 990 2092; x_wconf 89' lang='lat' dir='ltr'>titur,</span> <span class='ocrx_word' id='word_1_262' title='bbox 1005 2037 1125 2083; x_wconf 86' lang='lat' dir='ltr'>aruerat.</span> <span class='ocrx_word' id='word_1_263' title='bbox 1139 2024 1269 2082; x_wconf 83' lang='lat' dir='ltr'>[lominus</span> <span class='ocrx_word' id='word_1_264' title='bbox 1283 2027 1365 2098; x_wconf 78' lang='lat' dir='ltr'>igitur</span> <span class='ocrx_word' id='word_1_265' title='bbox 1378 2043 1487 2085; x_wconf 89' lang='lat' dir='ltr'>manum</span> <span class='ocrx_word' id='word_1_266' title='bbox 1497 2045 1560 2086; x_wconf 86' lang='lat' dir='ltr'>eum</span> <span class='ocrx_word' id='word_1_267' title='bbox 1571 2031 1653 2103; x_wconf 78' lang='lat' dir='ltr'>iussit</span> <span class='ocrx_word' id='word_1_268' title='bbox 1667 2048 1716 2090; x_wconf 82' lang='lat' dir='ltr'>ex-</span> 
     </span>
     <span class='ocr_line' id='line_1_20' title="bbox 53 2116 1714 2197; baseline 0.003 -22"><span class='ocrx_word' id='word_1_269' title='bbox 53 2135 110 2176; x_wconf 86' lang='lat' dir='ltr'>uns</span> <span class='ocrx_word' id='word_1_270' title='bbox 123 2135 190 2177; x_wconf 88' lang='lat' dir='ltr'>curu</span> <span class='ocrx_word' id='word_1_271' title='bbox 205 2119 249 2175; x_wconf 87' lang='lat' dir='ltr'>iris</span> <span class='ocrx_word' id='word_1_272' title='bbox 261 2118 309 2190; x_wconf 83' lang='lat' dir='ltr'>nui</span> <span class='ocrx_word' id='word_1_273' title='bbox 324 2132 417 2176; x_wconf 86' lang='lat' dir='ltr'>seeum</span> <span class='ocrx_word' id='word_1_274' title='bbox 432 2118 549 2174; x_wconf 84' lang='lat' dir='ltr'>aderant</span> <span class='ocrx_word' id='word_1_275' title='bbox 566 2118 734 2174; x_wconf 84' lang='lat' dir='ltr'>esurientem</span> <span class='ocrx_word' id='word_1_276' title='bbox 749 2116 863 2188; x_wconf 80' lang='lat' dir='ltr'>pambus</span> <span class='ocrx_word' id='word_1_277' title='bbox 912 2116 1038 2186; x_wconf 87' lang='lat' dir='ltr'>tendere,</span> <span class='ocrx_word' id='word_1_278' title='bbox 1053 2134 1113 2190; x_wconf 81' lang='lat' dir='ltr'>que</span> <span class='ocrx_word' id='word_1_279' title='bbox 1128 2119 1252 2175; x_wconf 88' lang='lat' dir='ltr'>restituta</span> <span class='ocrx_word' id='word_1_280' title='bbox 1267 2127 1310 2177; x_wconf 86' lang='lat' dir='ltr'>est</span> <span class='ocrx_word' id='word_1_281' title='bbox 1324 2121 1348 2176; x_wconf 92' lang='lat' dir='ltr'>ei</span> <span class='ocrx_word' id='word_1_282' title='bbox 1363 2119 1434 2177; x_wconf 90' lang='lat' dir='ltr'>sicut</span> <span class='ocrx_word' id='word_1_283' title='bbox 1448 2121 1635 2195; x_wconf 61' lang='lat' dir='ltr'>alteratilirt.</span> <span class='ocrx_word' id='word_1_284' title='bbox 1651 2125 1714 2197; x_wconf 80' lang='lat' dir='ltr'>ill).</span> 
     </span>
     <span class='ocr_line' id='line_1_21' title="bbox 52 2208 1717 2288; baseline 0.001 -18"><span class='ocrx_word' id='word_1_285' title='bbox 52 2211 163 2270; x_wconf 88' lang='lat' dir='ltr'>illicitis</span> <span class='ocrx_word' id='word_1_286' title='bbox 176 2211 218 2288; x_wconf 82' lang='grc'>(1)</span> <span class='ocrx_word' id='word_1_287' title='bbox 232 2210 370 2284; x_wconf 76' lang='lat' dir='ltr'>expletum</span> <span class='ocrx_word' id='word_1_288' title='bbox 384 2209 471 2268; x_wconf 84' lang='lat' dir='ltr'>luisse</span> <span class='ocrx_word' id='word_1_289' title='bbox 484 2209 567 2284; x_wconf 77' lang='lat' dir='ltr'>(iliu.</span> <span class='ocrx_word' id='word_1_290' title='bbox 581 2210 622 2283; x_wconf 74' lang='grc'><strong>5).</strong></span> <span class='ocrx_word' id='word_1_291' title='bbox 637 2210 731 2283; x_wconf 77' lang='lat' dir='ltr'>neque</span> <span class='ocrx_word' id='word_1_292' title='bbox 750 2208 862 2266; x_wconf 89' lang='lat' dir='ltr'>enimsi</span> <span class='ocrx_word' id='word_1_293' title='bbox 912 2208 1026 2268; x_wconf 80' lang='lat' dir='ltr'>Curatio</span> <span class='ocrx_word' id='word_1_294' title='bbox 1041 2210 1130 2266; x_wconf 87' lang='lat' dir='ltr'>omnis</span> <span class='ocrx_word' id='word_1_295' title='bbox 1147 2209 1175 2266; x_wconf 92' lang='lat' dir='ltr'>in</span> <span class='ocrx_word' id='word_1_296' title='bbox 1192 2211 1278 2267; x_wconf 79' lang='lat' dir='ltr'>uerbo</span> <span class='ocrx_word' id='word_1_297' title='bbox 1297 2221 1355 2280; x_wconf 87' lang='lat' dir='ltr'>est,</span> <span class='ocrx_word' id='word_1_298' title='bbox 1375 2219 1404 2269; x_wconf 90' lang='lat' dir='ltr'>ct</span> <span class='ocrx_word' id='word_1_299' title='bbox 1422 2227 1518 2288; x_wconf 81' lang='lat' dir='ltr'>manus</span> <span class='ocrx_word' id='word_1_300' title='bbox 1537 2214 1608 2272; x_wconf 87' lang='lat' dir='ltr'>sicut</span> <span class='ocrx_word' id='word_1_301' title='bbox 1630 2216 1717 2274; x_wconf 89' lang='lat' dir='ltr'>altera</span> 
     </span>
     <span class='ocr_line' id='line_1_22' title="bbox 52 2299 1715 2380; baseline 0.002 -17"><span class='ocrx_word' id='word_1_302' title='bbox 52 2319 110 2362; x_wconf 88' lang='lat' dir='ltr'>nou</span> <span class='ocrx_word' id='word_1_303' title='bbox 126 2305 230 2362; x_wconf 87' lang='lat' dir='ltr'>licebat</span> <span class='ocrx_word' id='word_1_304' title='bbox 242 2302 319 2373; x_wconf 88' lang='lat' dir='ltr'>ilcri,</span> <span class='ocrx_word' id='word_1_305' title='bbox 336 2303 420 2361; x_wconf 76' lang='lat' dir='ltr'>ussit</span> <span class='ocrx_word' id='word_1_306' title='bbox 432 2303 555 2362; x_wconf 88' lang='lat' dir='ltr'>creditus</span> <span class='ocrx_word' id='word_1_307' title='bbox 569 2302 666 2358; x_wconf 87' lang='lat' dir='ltr'>inisset</span> <span class='ocrx_word' id='word_1_308' title='bbox 686 2301 784 2358; x_wconf 87' lang='lat' dir='ltr'>iecisse</span> <span class='ocrx_word' id='word_1_309' title='bbox 802 2299 862 2357; x_wconf 89' lang='lat' dir='ltr'>sine</span> <span class='ocrx_word' id='word_1_310' title='bbox 910 2301 1045 2368; x_wconf 79' lang='lat' dir='ltr'>redditur,</span> <span class='ocrx_word' id='word_1_311' title='bbox 1062 2301 1088 2358; x_wconf 88' lang='lat' dir='ltr'>id</span> <span class='ocrx_word' id='word_1_312' title='bbox 1108 2313 1165 2372; x_wconf 88' lang='lat' dir='ltr'>est,</span> <span class='ocrx_word' id='word_1_313' title='bbox 1185 2302 1282 2362; x_wconf 90' lang='lat' dir='ltr'>similis</span> <span class='ocrx_word' id='word_1_314' title='bbox 1303 2306 1454 2363; x_wconf 87' lang='lat' dir='ltr'>ministerio</span> <span class='ocrx_word' id='word_1_315' title='bbox 1478 2309 1663 2380; x_wconf 89' lang='lat' dir='ltr'>apostolurum</span> <span class='ocrx_word' id='word_1_316' title='bbox 1687 2311 1715 2367; x_wconf 91' lang='lat' dir='ltr'>in</span> 
     </span>
     <span class='ocr_line' id='line_1_23' title="bbox 51 2381 1717 2474; baseline 0.002 -17"><span class='ocrx_word' id='word_1_317' title='bbox 51 2400 184 2457; x_wconf 86' lang='lat' dir='ltr'>crimine.</span> <span class='ocrx_word' id='word_1_318' title='bbox 199 2398 301 2457; x_wconf 77' lang='lat' dir='ltr'>Verum</span> <span class='ocrx_word' id='word_1_319' title='bbox 315 2397 375 2456; x_wconf 88' lang='lat' dir='ltr'>siue</span> <span class='ocrx_word' id='word_1_320' title='bbox 389 2398 513 2455; x_wconf 89' lang='lat' dir='ltr'>criminis</span> <span class='ocrx_word' id='word_1_321' title='bbox 527 2396 634 2469; x_wconf 89' lang='lat' dir='ltr'>piaculo</span> <span class='ocrx_word' id='word_1_322' title='bbox 648 2396 727 2452; x_wconf 90' lang='lat' dir='ltr'>iactis</span> <span class='ocrx_word' id='word_1_323' title='bbox 741 2393 776 2468; x_wconf 83' lang='lat' dir='ltr'>(c)</span> <span class='ocrx_word' id='word_1_324' title='bbox 800 2409 863 2466; x_wconf 90' lang='lat' dir='ltr'>pro-</span> <span class='ocrx_word' id='word_1_325' title='bbox 912 2395 1032 2452; x_wconf 85' lang='lat' dir='ltr'>olilcium</span> <span class='ocrx_word' id='word_1_326' title='bbox 1046 2381 1142 2453; x_wconf 83' lang='lat' dir='ltr'>danlae</span> <span class='ocrx_word' id='word_1_327' title='bbox 1155 2397 1252 2454; x_wconf 87' lang='lat' dir='ltr'>salutis</span> <span class='ocrx_word' id='word_1_328' title='bbox 1265 2397 1384 2455; x_wconf 87' lang='lat' dir='ltr'>ciiicitur</span> <span class='ocrx_word' id='word_1_329' title='bbox 1397 2419 1403 2455; x_wconf 93' lang='lat'><strong>:</strong></span> <span class='ocrx_word' id='word_1_330' title='bbox 1417 2400 1551 2474; x_wconf 75' lang='lat' dir='ltr'>(lucetque</span> <span class='ocrx_word' id='word_1_331' title='bbox 1563 2402 1717 2460; x_wconf 77' lang='lat' dir='ltr'>Pharisaeos</span> 
     </span>
     <span class='ocr_line' id='line_1_24' title="bbox 50 2488 1718 2568; baseline 0.001 -16"><span class='ocrx_word' id='word_1_332' title='bbox 50 2493 293 2568; x_wconf 62' lang='lat' dir='ltr'>promissiones</span> <span class='ocrx_word' id='word_1_333' title='bbox 315 2505 346 2549; x_wconf 91' lang='lat' dir='ltr'>ut</span> <span class='ocrx_word' id='word_1_334' title='bbox 369 2491 505 2564; x_wconf 83' lang='lat' dir='ltr'>ipserum</span> <span class='ocrx_word' id='word_1_335' title='bbox 529 2489 654 2558; x_wconf 83' lang='lat' dir='ltr'>caeteris,</span> <span class='ocrx_word' id='word_1_336' title='bbox 669 2489 785 2560; x_wconf 84' lang='lat' dir='ltr'>panibus</span> <span class='ocrx_word' id='word_1_337' title='bbox 799 2502 861 2559; x_wconf 86' lang='lat' dir='ltr'>pru·</span> <span class='ocrx_word' id='word_1_338' title='bbox 912 2503 984 2560; x_wconf 70' lang='lat' dir='ltr'>nnnc</span> <span class='ocrx_word' id='word_1_339' title='bbox 1006 2488 1077 2545; x_wconf 82' lang='lat' dir='ltr'>ierne</span> <span class='ocrx_word' id='word_1_340' title='bbox 1102 2497 1304 2561; x_wconf 87' lang='lat' dir='ltr'>nouopurtere</span> <span class='ocrx_word' id='word_1_341' title='bbox 1326 2490 1358 2567; x_wconf 73' lang='grc' dir='ltr'>(ι)</span> <span class='ocrx_word' id='word_1_342' title='bbox 1383 2495 1567 2565; x_wconf 88' lang='lat' dir='ltr'>operationem</span> <span class='ocrx_word' id='word_1_343' title='bbox 1592 2495 1718 2554; x_wconf 78' lang='lat' dir='ltr'>irrumanar</span> 
     </span>
     <span class='ocr_line' id='line_1_25' title="bbox 49 2579 1720 2662; baseline 0.001 -18"><span class='ocrx_word' id='word_1_344' title='bbox 49 2587 204 2660; x_wconf 87' lang='lat' dir='ltr'>positionis</span> <span class='ocrx_word' id='word_1_345' title='bbox 222 2585 348 2658; x_wconf 77' lang='lat' dir='ltr'>expictus</span> <span class='ocrx_word' id='word_1_346' title='bbox 366 2586 420 2642; x_wconf 88' lang='lat' dir='ltr'>sit:</span> <span class='ocrx_word' id='word_1_347' title='bbox 433 2586 469 2640; x_wconf 87' lang='lat' dir='ltr'>its</span> <span class='ocrx_word' id='word_1_348' title='bbox 479 2583 628 2641; x_wconf 85' lang='lat' dir='ltr'>ostendens</span> <span class='ocrx_word' id='word_1_349' title='bbox 643 2579 783 2638; x_wconf 79' lang='lat' dir='ltr'>Christum</span> <span class='ocrx_word' id='word_1_350' title='bbox 797 2595 860 2638; x_wconf 91' lang='lat' dir='ltr'>cum</span> <span class='ocrx_word' id='word_1_351' title='bbox 911 2581 1007 2641; x_wconf 76' lang='lat' dir='ltr'>saluus</span> <span class='ocrx_word' id='word_1_352' title='bbox 1022 2583 1049 2639; x_wconf 88' lang='lat' dir='ltr'>in</span> <span class='ocrx_word' id='word_1_353' title='bbox 1064 2585 1211 2653; x_wconf 90' lang='lat' dir='ltr'>apostolis;</span> <span class='ocrx_word' id='word_1_354' title='bbox 1225 2601 1286 2642; x_wconf 86' lang='lat' dir='ltr'>cum</span> <span class='ocrx_word' id='word_1_355' title='bbox 1302 2586 1367 2657; x_wconf 90' lang='lat' dir='ltr'>ipsis</span> <span class='ocrx_word' id='word_1_356' title='bbox 1382 2587 1416 2644; x_wconf 89' lang='lat' dir='ltr'>ad</span> <span class='ocrx_word' id='word_1_357' title='bbox 1431 2587 1513 2645; x_wconf 90' lang='lat' dir='ltr'>oiticii</span> <span class='ocrx_word' id='word_1_358' title='bbox 1529 2589 1651 2662; x_wconf 84' lang='lat' dir='ltr'>ejusdcm</span> <span class='ocrx_word' id='word_1_359' title='bbox 1664 2590 1720 2648; x_wconf 91' lang='lat' dir='ltr'>mi-</span> 
     </span>
     <span class='ocr_line' id='line_1_26' title="bbox 49 2673 1591 2752; baseline 0.001 -16"><span class='ocrx_word' id='word_1_360' title='bbox 49 2678 191 2752; x_wconf 88' lang='lat' dir='ltr'>apostolis</span> <span class='ocrx_word' id='word_1_361' title='bbox 211 2679 333 2750; x_wconf 70' lang='lat' dir='ltr'>neutinm</span> <span class='ocrx_word' id='word_1_362' title='bbox 355 2678 442 2735; x_wconf 87' lang='lat' dir='ltr'>saluto</span> <span class='ocrx_word' id='word_1_363' title='bbox 466 2673 641 2745; x_wconf 82' lang='lat' dir='ltr'>satisntium,</span> <span class='ocrx_word' id='word_1_364' title='bbox 663 2673 736 2748; x_wconf 82' lang='lat' dir='ltr'>quod</span> <span class='ocrx_word' id='word_1_365' title='bbox 758 2673 861 2731; x_wconf 82' lang='lat' dir='ltr'>lutiaeis</span> <span class='ocrx_word' id='word_1_366' title='bbox 912 2677 1053 2733; x_wconf 90' lang='lat' dir='ltr'>nisterium</span> <span class='ocrx_word' id='word_1_367' title='bbox 1069 2693 1164 2734; x_wconf 85' lang='lat' dir='ltr'>marrus</span> <span class='ocrx_word' id='word_1_368' title='bbox 1178 2679 1213 2736; x_wconf 88' lang='lat' dir='ltr'>sit</span> <span class='ocrx_word' id='word_1_369' title='bbox 1228 2679 1416 2750; x_wconf 89' lang='lat' dir='ltr'>reiormamla,</span> <span class='ocrx_word' id='word_1_370' title='bbox 1432 2681 1454 2738; x_wconf 90' lang='lat' dir='ltr'>si</span> <span class='ocrx_word' id='word_1_371' title='bbox 1469 2683 1591 2741; x_wconf 88' lang='lat' dir='ltr'>credant.</span> 
     </span>
     <span class='ocr_line' id='line_1_27' title="bbox 49 2768 1718 2843; baseline 0.001 -11"><span class='ocrx_word' id='word_1_372' title='bbox 49 2775 184 2832; x_wconf 87' lang='lat' dir='ltr'>illicitum</span> <span class='ocrx_word' id='word_1_373' title='bbox 199 2773 350 2832; x_wconf 81' lang='lat' dir='ltr'>sileretur.</span> <span class='ocrx_word' id='word_1_374' title='bbox 947 2769 975 2826; x_wconf 88' lang='lat'>8.</span> <span class='ocrx_word' id='word_1_375' title='bbox 998 2768 1053 2828; x_wconf 84' lang='lat' dir='ltr'>Sed</span> <span class='ocrx_word' id='word_1_376' title='bbox 1066 2769 1165 2826; x_wconf 81' lang='lat' dir='ltr'>inuidia</span> <span class='ocrx_word' id='word_1_377' title='bbox 1182 2771 1243 2826; x_wconf 86' lang='lat' dir='ltr'>iacti</span> <span class='ocrx_word' id='word_1_378' title='bbox 1258 2771 1411 2830; x_wconf 69' lang='lat' dir='ltr'>Pisarissos</span> <span class='ocrx_word' id='word_1_379' title='bbox 1427 2785 1601 2843; x_wconf 86' lang='lat' dir='ltr'>commovet,</span> <span class='ocrx_word' id='word_1_380' title='bbox 1623 2783 1651 2832; x_wconf 86' lang='lat' dir='ltr'>et</span> <span class='ocrx_word' id='word_1_381' title='bbox 1666 2775 1718 2834; x_wconf 86' lang='lat' dir='ltr'>atl-</span> 
     </span>
     <span class='ocr_line' id='line_1_28' title="bbox 85 2852 1728 2948; baseline -0.001 -20"><span class='ocrx_word' id='word_1_382' title='bbox 85 2871 116 2928; x_wconf 87' lang='grc'><strong>1.</strong></span> <span class='ocrx_word' id='word_1_383' title='bbox 143 2867 265 2926; x_wconf 77' lang='lat' dir='ltr'>literius</span> <span class='ocrx_word' id='word_1_384' title='bbox 286 2882 396 2941; x_wconf 81' lang='lat' dir='ltr'>quoquc</span> <span class='ocrx_word' id='word_1_385' title='bbox 415 2881 465 2925; x_wconf 89' lang='lat' dir='ltr'>eos</span> <span class='ocrx_word' id='word_1_386' title='bbox 487 2852 618 2924; x_wconf 86' lang='lat' dir='ltr'>admonet</span> <span class='ocrx_word' id='word_1_387' title='bbox 637 2865 810 2939; x_wconf 70' lang='lat' dir='ltr'>prophetin,</span> <span class='ocrx_word' id='word_1_388' title='bbox 831 2875 862 2923; x_wconf 92' lang='lat' dir='ltr'>ut</span> <span class='ocrx_word' id='word_1_389' title='bbox 911 2879 1008 2922; x_wconf 82' lang='lat' dir='ltr'>sersus</span> <span class='ocrx_word' id='word_1_390' title='bbox 1020 2881 1081 2922; x_wconf 87' lang='lat' dir='ltr'>curu</span> <span class='ocrx_word' id='word_1_391' title='bbox 1096 2865 1346 2924; x_wconf 90' lang='lat' dir='ltr'>iueuntconsiiium</span> <span class='ocrx_word' id='word_1_392' title='bbox 1362 2865 1453 2942; x_wconf 80' lang='lat' dir='ltr'>(ibici.</span> <span class='ocrx_word' id='word_1_393' title='bbox 1472 2867 1544 2942; x_wconf 76' lang='lat' dir='ltr'>ili:</span> <span class='ocrx_word' id='word_1_394' title='bbox 1567 2871 1630 2940; x_wconf 83' lang='lat' dir='ltr'>onia</span> <span class='ocrx_word' id='word_1_395' title='bbox 1650 2885 1728 2948; x_wconf 42' lang='lat' dir='ltr'>eon&lt;</span> 
     </span>
     <span class='ocr_line' id='line_1_29' title="bbox 48 2957 1716 3034; baseline 0.001 -15"><span class='ocrx_word' id='word_1_396' title='bbox 48 2960 240 3020; x_wconf 87' lang='lat' dir='ltr'>consummari</span> <span class='ocrx_word' id='word_1_397' title='bbox 260 2958 287 3016; x_wconf 91' lang='lat' dir='ltr'>iu</span> <span class='ocrx_word' id='word_1_398' title='bbox 307 2974 338 3016; x_wconf 90' lang='lat' dir='ltr'>sc</span> <span class='ocrx_word' id='word_1_399' title='bbox 351 2959 458 3027; x_wconf 87' lang='lat' dir='ltr'>onnia,</span> <span class='ocrx_word' id='word_1_400' title='bbox 475 2973 537 3033; x_wconf 78' lang='lat' dir='ltr'>quse</span> <span class='ocrx_word' id='word_1_401' title='bbox 551 2960 673 3015; x_wconf 73' lang='lat' dir='ltr'>antenus</span> <span class='ocrx_word' id='word_1_402' title='bbox 691 2966 756 3014; x_wconf 85' lang='lat' dir='ltr'>sum</span> <span class='ocrx_word' id='word_1_403' title='bbox 770 2957 858 3029; x_wconf 86' lang='lat' dir='ltr'>dieta,</span> <span class='ocrx_word' id='word_1_404' title='bbox 913 2965 1021 3016; x_wconf 83' lang='lat' dir='ltr'>tuentes</span> <span class='ocrx_word' id='word_1_405' title='bbox 1037 2957 1175 3016; x_wconf 87' lang='lat' dir='ltr'>hominem</span> <span class='ocrx_word' id='word_1_406' title='bbox 1192 2959 1219 3015; x_wconf 90' lang='lat' dir='ltr'>iu</span> <span class='ocrx_word' id='word_1_407' title='bbox 1233 2973 1359 3032; x_wconf 88' lang='lat' dir='ltr'>corpure,</span> <span class='ocrx_word' id='word_1_408' title='bbox 1378 2961 1460 3018; x_wconf 91' lang='lat' dir='ltr'>ileum</span> <span class='ocrx_word' id='word_1_409' title='bbox 1477 2961 1504 3017; x_wconf 92' lang='lat' dir='ltr'>iu</span> <span class='ocrx_word' id='word_1_410' title='bbox 1519 2961 1646 3034; x_wconf 85' lang='lat' dir='ltr'>operibus</span> <span class='ocrx_word' id='word_1_411' title='bbox 1661 2979 1716 3022; x_wconf 93' lang='lat' dir='ltr'>non</span> 
     </span>
     <span class='ocr_line' id='line_1_30' title="bbox 47 3051 1719 3127; baseline 0.001 -14"><span class='ocrx_word' id='word_1_412' title='bbox 47 3059 254 3127; x_wconf 77' lang='lat' dir='ltr'>cognoscerent</span> <span class='ocrx_word' id='word_1_413' title='bbox 267 3051 295 3110; x_wconf 89' lang='lat' dir='ltr'>in</span> <span class='ocrx_word' id='word_1_414' title='bbox 310 3052 385 3124; x_wconf 70' lang='lat' dir='ltr'>iepc;</span> <span class='ocrx_word' id='word_1_415' title='bbox 401 3051 543 3109; x_wconf 84' lang='lat' dir='ltr'>sabbarum</span> <span class='ocrx_word' id='word_1_416' title='bbox 552 3053 579 3108; x_wconf 93' lang='lat' dir='ltr'>in</span> <span class='ocrx_word' id='word_1_417' title='bbox 589 3053 690 3126; x_wconf 90' lang='lat' dir='ltr'>templo</span> <span class='ocrx_word' id='word_1_418' title='bbox 704 3053 861 3111; x_wconf 83' lang='lat' dir='ltr'>sacerdotes</span> <span class='ocrx_word' id='word_1_419' title='bbox 912 3051 1112 3124; x_wconf 73' lang='lat' dir='ltr'>intelligebant.</span> <span class='ocrx_word' id='word_1_420' title='bbox 1158 3053 1309 3124; x_wconf 82' lang='lat' dir='ltr'>sciensque</span> <span class='ocrx_word' id='word_1_421' title='bbox 1333 3069 1427 3112; x_wconf 82' lang='lat' dir='ltr'>cunum</span> <span class='ocrx_word' id='word_1_422' title='bbox 1462 3056 1577 3115; x_wconf 88' lang='lat' dir='ltr'>consilia</span> <span class='ocrx_word' id='word_1_423' title='bbox 1604 3060 1719 3116; x_wconf 86' lang='lat' dir='ltr'>secessit</span> 
     </span>
     <span class='ocr_line' id='line_1_31' title="bbox 46 3143 1717 3224; baseline 0.002 -20"><span class='ocrx_word' id='word_1_424' title='bbox 46 3149 91 3224; x_wconf 81' lang='lat' dir='ltr'>(rt)</span> <span class='ocrx_word' id='word_1_425' title='bbox 106 3147 217 3204; x_wconf 82' lang='lat' dir='ltr'>uiolare</span> <span class='ocrx_word' id='word_1_426' title='bbox 227 3146 287 3203; x_wconf 85' lang='lat' dir='ltr'>siue</span> <span class='ocrx_word' id='word_1_427' title='bbox 298 3145 413 3202; x_wconf 89' lang='lat' dir='ltr'>crimine</span> <span class='ocrx_word' id='word_1_428' title='bbox 427 3144 510 3219; x_wconf 78' lang='lat' dir='ltr'>(ilici.</span> <span class='ocrx_word' id='word_1_429' title='bbox 525 3143 571 3218; x_wconf 80' lang='lat'>5);</span> <span class='ocrx_word' id='word_1_430' title='bbox 585 3146 715 3217; x_wconf 90' lang='lat' dir='ltr'>tempium</span> <span class='ocrx_word' id='word_1_431' title='bbox 729 3159 760 3202; x_wconf 89' lang='lat' dir='ltr'>se</span> <span class='ocrx_word' id='word_1_432' title='bbox 771 3148 860 3216; x_wconf 87' lang='lat' dir='ltr'>ipsum</span> <span class='ocrx_word' id='word_1_433' title='bbox 912 3145 1005 3218; x_wconf 81' lang='lat' dir='ltr'>(itit.</span> <span class='ocrx_word' id='word_1_434' title='bbox 1023 3147 1057 3204; x_wconf 86' lang='lat' dir='ltr'>ts</span> <span class='ocrx_word' id='word_1_435' title='bbox 1068 3147 1098 3219; x_wconf 90' lang='grc'>);</span> <span class='ocrx_word' id='word_1_436' title='bbox 1115 3155 1171 3202; x_wconf 88' lang='lat' dir='ltr'>uta</span> <span class='ocrx_word' id='word_1_437' title='bbox 1187 3147 1309 3204; x_wconf 88' lang='lat' dir='ltr'>consiliis</span> <span class='ocrx_word' id='word_1_438' title='bbox 1325 3149 1529 3222; x_wconf 74' lang='lat' dir='ltr'>malignantium</span> <span class='ocrx_word' id='word_1_439' title='bbox 1543 3152 1636 3222; x_wconf 78' lang='lat' dir='ltr'>procuri</span> <span class='ocrx_word' id='word_1_440' title='bbox 1648 3152 1717 3208; x_wconf 90' lang='lat' dir='ltr'>aliu·</span> 
     </span>
     <span class='ocr_line' id='line_1_32' title="bbox 45 3227 1716 3316; baseline 0.002 -16"><span class='ocrx_word' id='word_1_441' title='bbox 45 3243 161 3300; x_wconf 89' lang='lat' dir='ltr'>scilicet</span> <span class='ocrx_word' id='word_1_442' title='bbox 174 3239 312 3307; x_wconf 82' lang='lat' dir='ltr'>indicans,</span> <span class='ocrx_word' id='word_1_443' title='bbox 327 3238 356 3294; x_wconf 92' lang='lat' dir='ltr'>iu</span> <span class='ocrx_word' id='word_1_444' title='bbox 369 3253 424 3311; x_wconf 85' lang='lat' dir='ltr'>quo</span> <span class='ocrx_word' id='word_1_445' title='bbox 438 3254 486 3311; x_wconf 92' lang='lat' dir='ltr'>per</span> <span class='ocrx_word' id='word_1_446' title='bbox 498 3239 675 3312; x_wconf 83' lang='lat' dir='ltr'>apostolieum</span> <span class='ocrx_word' id='word_1_447' title='bbox 688 3238 858 3306; x_wconf 88' lang='lat' dir='ltr'>doctrinam,</span> <span class='ocrx_word' id='word_1_448' title='bbox 873 3227 897 3292; x_wconf 83' lang='lat' dir='ltr'><strong>G</strong></span> <span class='ocrx_word' id='word_1_449' title='bbox 912 3248 989 3296; x_wconf 89' lang='lat' dir='ltr'>turus</span> <span class='ocrx_word' id='word_1_450' title='bbox 1001 3249 1222 3313; x_wconf 75' lang='lat' dir='ltr'>cognosceretur.</span> <span class='ocrx_word' id='word_1_451' title='bbox 1247 3241 1398 3316; x_wconf 74' lang='lat' dir='ltr'>pluresque</span> <span class='ocrx_word' id='word_1_452' title='bbox 1421 3245 1507 3300; x_wconf 74' lang='lat' dir='ltr'>turritae</span> <span class='ocrx_word' id='word_1_453' title='bbox 1531 3262 1593 3303; x_wconf 91' lang='lat' dir='ltr'>eum</span> <span class='ocrx_word' id='word_1_454' title='bbox 1614 3257 1716 3304; x_wconf 76' lang='lat' dir='ltr'>secutae</span> 
     </span>
     <span class='ocr_line' id='line_1_33' title="bbox 47 3331 1713 3410; baseline 0.004 -18"><span class='ocrx_word' id='word_1_455' title='bbox 47 3335 161 3410; x_wconf 88' lang='lat' dir='ltr'>populo</span> <span class='ocrx_word' id='word_1_456' title='bbox 183 3333 253 3406; x_wconf 72' lang='lat' dir='ltr'>legis</span> <span class='ocrx_word' id='word_1_457' title='bbox 276 3331 426 3390; x_wconf 81' lang='lat' dir='ltr'>intislciiter</span> <span class='ocrx_word' id='word_1_458' title='bbox 446 3333 485 3404; x_wconf 78' lang='lat' dir='ltr'>(c)</span> <span class='ocrx_word' id='word_1_459' title='bbox 504 3331 623 3402; x_wconf 85' lang='lat' dir='ltr'>otiante,</span> <span class='ocrx_word' id='word_1_460' title='bbox 641 3333 715 3389; x_wconf 89' lang='lat' dir='ltr'>salus</span> <span class='ocrx_word' id='word_1_461' title='bbox 733 3333 859 3404; x_wconf 72' lang='lat' dir='ltr'>pentibus</span> <span class='ocrx_word' id='word_1_462' title='bbox 910 3341 1000 3389; x_wconf 83' lang='lat' dir='ltr'>sunt:</span> <span class='ocrx_word' id='word_1_463' title='bbox 1027 3334 1061 3390; x_wconf 86' lang='lat' dir='ltr'>ab</span> <span class='ocrx_word' id='word_1_464' title='bbox 1083 3333 1237 3391; x_wconf 78' lang='lat' dir='ltr'>iotselmus</span> <span class='ocrx_word' id='word_1_465' title='bbox 1260 3335 1388 3393; x_wconf 81' lang='lat' dir='ltr'>videlieet</span> <span class='ocrx_word' id='word_1_466' title='bbox 1414 3339 1565 3407; x_wconf 88' lang='lat' dir='ltr'>recedenti,</span> <span class='ocrx_word' id='word_1_467' title='bbox 1592 3339 1713 3398; x_wconf 85' lang='lat' dir='ltr'>fidelium</span> 
     </span>
     <span class='ocr_line' id='line_1_34' title="bbox 43 3425 1180 3499; baseline -0.005 -12"><span class='ocrx_word' id='word_1_468' title='bbox 43 3429 151 3487; x_wconf 82' lang='lat' dir='ltr'>datur:</span> <span class='ocrx_word' id='word_1_469' title='bbox 162 3427 225 3499; x_wconf 82' lang='lat' dir='ltr'>onia</span> <span class='ocrx_word' id='word_1_470' title='bbox 235 3427 324 3499; x_wconf 79' lang='lat' dir='ltr'>maior</span> <span class='ocrx_word' id='word_1_471' title='bbox 335 3426 393 3498; x_wconf 88' lang='lat' dir='ltr'>ipse</span> <span class='ocrx_word' id='word_1_472' title='bbox 407 3426 444 3482; x_wconf 90' lang='lat' dir='ltr'>sit</span> <span class='ocrx_word' id='word_1_473' title='bbox 457 3425 583 3492; x_wconf 85' lang='lat' dir='ltr'>sabbato,</span> <span class='ocrx_word' id='word_1_474' title='bbox 593 3433 621 3482; x_wconf 91' lang='lat' dir='ltr'>et</span> <span class='ocrx_word' id='word_1_475' title='bbox 633 3426 739 3498; x_wconf 81' lang='lat' dir='ltr'>absone</span> <span class='ocrx_word' id='word_1_476' title='bbox 752 3425 859 3482; x_wconf 76' lang='lat' dir='ltr'>violatas</span> <span class='ocrx_word' id='word_1_477' title='bbox 909 3427 1057 3483; x_wconf 89' lang='lat' dir='ltr'>comitatus</span> <span class='ocrx_word' id='word_1_478' title='bbox 1068 3427 1180 3484; x_wconf 87' lang='lat' dir='ltr'>assistit.</span> 
     </span>
     <span class='ocr_line' id='line_1_35' title="bbox 44 3516 1713 3599; baseline 0.001 -18"><span class='ocrx_word' id='word_1_479' title='bbox 44 3525 122 3599; x_wconf 76' lang='lat' dir='ltr'>legis</span> <span class='ocrx_word' id='word_1_480' title='bbox 138 3522 238 3594; x_wconf 90' lang='lat' dir='ltr'>culpa,</span> <span class='ocrx_word' id='word_1_481' title='bbox 252 3521 409 3594; x_wconf 74' lang='lat' dir='ltr'>euangelica</span> <span class='ocrx_word' id='word_1_482' title='bbox 425 3520 493 3578; x_wconf 88' lang='lat' dir='ltr'>tides</span> <span class='ocrx_word' id='word_1_483' title='bbox 506 3530 636 3592; x_wconf 81' lang='lat' dir='ltr'>operetur</span> <span class='ocrx_word' id='word_1_484' title='bbox 648 3521 676 3578; x_wconf 90' lang='lat' dir='ltr'>in</span> <span class='ocrx_word' id='word_1_485' title='bbox 690 3520 811 3578; x_wconf 72' lang='lat' dir='ltr'>i&#39;mristo.</span> <span class='ocrx_word' id='word_1_486' title='bbox 945 3516 973 3574; x_wconf 87' lang='grc'><strong>9.</strong></span> <span class='ocrx_word' id='word_1_487' title='bbox 998 3516 1052 3574; x_wconf 85' lang='lat' dir='ltr'>Cur</span> <span class='ocrx_word' id='word_1_488' title='bbox 1065 3520 1163 3576; x_wconf 84' lang='lat' dir='ltr'>sanctis</span> <span class='ocrx_word' id='word_1_489' title='bbox 1177 3521 1308 3578; x_wconf 77' lang='lat' dir='ltr'>silentium</span> <span class='ocrx_word' id='word_1_490' title='bbox 1328 3524 1360 3579; x_wconf 79' lang='lat' dir='ltr'>ric</span> <span class='ocrx_word' id='word_1_491' title='bbox 1379 3540 1406 3582; x_wconf 88' lang='lat' dir='ltr'>sc</span> <span class='ocrx_word' id='word_1_492' title='bbox 1420 3525 1510 3598; x_wconf 80' lang='lat' dir='ltr'>iubent</span> <span class='ocrx_word' id='word_1_493' title='bbox 1533 3525 1660 3584; x_wconf 77' lang='lat' dir='ltr'>(liniatus.</span> <span class='ocrx_word' id='word_1_494' title='bbox 1674 3558 1713 3572; x_wconf 93' lang='lat'>-</span> 
     </span>
     <span class='ocr_line' id='line_1_36' title="bbox 82 3609 1712 3697; baseline 0.006 -27"><span class='ocrx_word' id='word_1_495' title='bbox 82 3618 118 3676; x_wconf 76' lang='grc'><strong>5.</strong></span> <span class='ocrx_word' id='word_1_496' title='bbox 135 3614 205 3687; x_wconf 70' lang='lat' dir='ltr'>Leuc</span> <span class='ocrx_word' id='word_1_497' title='bbox 219 3622 332 3670; x_wconf 79' lang='lat' dir='ltr'>curuata</span> <span class='ocrx_word' id='word_1_498' title='bbox 344 3613 395 3670; x_wconf 81' lang='lat' dir='ltr'>Dei</span> <span class='ocrx_word' id='word_1_499' title='bbox 408 3612 521 3670; x_wconf 84' lang='lat' dir='ltr'>innitare</span> <span class='ocrx_word' id='word_1_500' title='bbox 532 3614 817 3686; x_wconf 72' lang='lat' dir='ltr'>solramsr.-1itque</span> <span class='ocrx_word' id='word_1_501' title='bbox 829 3622 860 3672; x_wconf 94' lang='lat' dir='ltr'>ut</span> <span class='ocrx_word' id='word_1_502' title='bbox 908 3609 958 3669; x_wconf 87' lang='lat' dir='ltr'>llis</span> <span class='ocrx_word' id='word_1_503' title='bbox 972 3627 1047 3680; x_wconf 87' lang='lat' dir='ltr'>uero,</span> <span class='ocrx_word' id='word_1_504' title='bbox 1064 3629 1133 3686; x_wconf 87' lang='lat' dir='ltr'>quus</span> <span class='ocrx_word' id='word_1_505' title='bbox 1147 3624 1234 3682; x_wconf 88' lang='lat' dir='ltr'>curat,</span> <span class='ocrx_word' id='word_1_506' title='bbox 1250 3615 1388 3674; x_wconf 87' lang='lat' dir='ltr'>silentium</span> <span class='ocrx_word' id='word_1_507' title='bbox 1399 3619 1544 3690; x_wconf 85' lang='lat' dir='ltr'>imperarit</span> <span class='ocrx_word' id='word_1_508' title='bbox 1560 3619 1641 3690; x_wconf 79' lang='lat' dir='ltr'>(illd.</span> <span class='ocrx_word' id='word_1_509' title='bbox 1655 3621 1712 3697; x_wconf 80' lang='grc'><strong>16).</strong></span> 
     </span>
     <span class='ocr_line' id='line_1_37' title="bbox 43 3704 1711 3788; baseline 0.002 -19"><span class='ocrx_word' id='word_1_510' title='bbox 43 3708 216 3769; x_wconf 84' lang='lat' dir='ltr'>ostenderet</span> <span class='ocrx_word' id='word_1_511' title='bbox 229 3722 337 3765; x_wconf 86' lang='lat' dir='ltr'>omnem</span> <span class='ocrx_word' id='word_1_512' title='bbox 352 3722 443 3764; x_wconf 89' lang='lat' dir='ltr'>rerum</span> <span class='ocrx_word' id='word_1_513' title='bbox 458 3707 632 3788; x_wconf 81' lang='lat' dir='ltr'>efficientiam</span> <span class='ocrx_word' id='word_1_514' title='bbox 646 3709 720 3766; x_wconf 76' lang='lat' dir='ltr'>usuc</span> <span class='ocrx_word' id='word_1_515' title='bbox 737 3708 857 3780; x_wconf 87' lang='lat' dir='ltr'>speciem</span> <span class='ocrx_word' id='word_1_516' title='bbox 909 3704 964 3762; x_wconf 78' lang='lat' dir='ltr'>Seii</span> <span class='ocrx_word' id='word_1_517' title='bbox 978 3707 1110 3778; x_wconf 85' lang='lat' dir='ltr'>numquid</span> <span class='ocrx_word' id='word_1_518' title='bbox 1125 3709 1275 3764; x_wconf 82' lang='lat' dir='ltr'>curationis</span> <span class='ocrx_word' id='word_1_519' title='bbox 1290 3709 1459 3767; x_wconf 85' lang='lat' dir='ltr'>taciturnitas</span> <span class='ocrx_word' id='word_1_520' title='bbox 1469 3711 1631 3783; x_wconf 81' lang='lat' dir='ltr'>jubebatur?</span> <span class='ocrx_word' id='word_1_521' title='bbox 1651 3713 1711 3772; x_wconf 87' lang='lat' dir='ltr'>Non</span> 
     </span>
     <span class='ocr_line' id='line_1_38' title="bbox 42 3800 1714 3880; baseline 0.001 -19"><span class='ocrx_word' id='word_1_522' title='bbox 42 3804 138 3862; x_wconf 86' lang='lat' dir='ltr'>loturi</span> <span class='ocrx_word' id='word_1_523' title='bbox 152 3801 245 3873; x_wconf 89' lang='lat' dir='ltr'>operis</span> <span class='ocrx_word' id='word_1_524' title='bbox 256 3802 398 3860; x_wconf 88' lang='lat' dir='ltr'>continere</span> <span class='ocrx_word' id='word_1_525' title='bbox 409 3842 417 3867; x_wconf 91' lang='lat'>,</span> <span class='ocrx_word' id='word_1_526' title='bbox 430 3800 547 3873; x_wconf 81' lang='lat' dir='ltr'>adjecit:</span> <span class='ocrx_word' id='word_1_527' title='bbox 561 3801 594 3858; x_wconf 79' lang='lat' dir='ltr'>ss·</span> <span class='ocrx_word' id='word_1_528' title='bbox 603 3803 671 3857; x_wconf 85' lang='lat' dir='ltr'>eninr</span> <span class='ocrx_word' id='word_1_529' title='bbox 683 3803 782 3860; x_wconf 85' lang='lat' dir='ltr'>sciretis</span> <span class='ocrx_word' id='word_1_530' title='bbox 794 3801 857 3873; x_wconf 76' lang='lat' dir='ltr'>nuit</span> <span class='ocrx_word' id='word_1_531' title='bbox 909 3800 1002 3870; x_wconf 82' lang='lat' dir='ltr'>utiqrre</span> <span class='ocrx_word' id='word_1_532' title='bbox 1011 3817 1023 3868; x_wconf 93' lang='lat'>,·</span> <span class='ocrx_word' id='word_1_533' title='bbox 1046 3815 1107 3856; x_wconf 91' lang='lat' dir='ltr'>nam</span> <span class='ocrx_word' id='word_1_534' title='bbox 1123 3801 1196 3857; x_wconf 85' lang='lat' dir='ltr'>salus</span> <span class='ocrx_word' id='word_1_535' title='bbox 1210 3803 1354 3874; x_wconf 84' lang='lat' dir='ltr'>uuicuique</span> <span class='ocrx_word' id='word_1_536' title='bbox 1370 3803 1473 3860; x_wconf 86' lang='lat' dir='ltr'>reddita</span> <span class='ocrx_word' id='word_1_537' title='bbox 1487 3848 1495 3873; x_wconf 91' lang='lat'>,</span> <span class='ocrx_word' id='word_1_538' title='bbox 1509 3815 1567 3862; x_wconf 85' lang='lat' dir='ltr'>erut</span> <span class='ocrx_word' id='word_1_539' title='bbox 1587 3807 1637 3863; x_wconf 82' lang='lat' dir='ltr'>sihi</span> <span class='ocrx_word' id='word_1_540' title='bbox 1653 3807 1714 3880; x_wconf 71' lang='lat' dir='ltr'>ipss</span> 
     </span>
     <span class='ocr_line' id='line_1_39' title="bbox 42 3893 1714 3973; baseline 0 -17"><span class='ocrx_word' id='word_1_541' title='bbox 42 3908 104 3966; x_wconf 85' lang='lat' dir='ltr'>est,</span> <span class='ocrx_word' id='word_1_542' title='bbox 129 3894 337 3952; x_wconf 73' lang='lat' dir='ltr'>Misericordiam</span> <span class='ocrx_word' id='word_1_543' title='bbox 356 3897 431 3961; x_wconf 83' lang='lat' dir='ltr'>colo,</span> <span class='ocrx_word' id='word_1_544' title='bbox 453 3911 505 3949; x_wconf 89' lang='lat' dir='ltr'>non</span> <span class='ocrx_word' id='word_1_545' title='bbox 524 3896 700 3966; x_wconf 59' lang='lat' dir='ltr'>carnficinam</span> <span class='ocrx_word' id='word_1_546' title='bbox 717 3912 858 3967; x_wconf 77' lang='lat' dir='ltr'>nonnosum</span> <span class='ocrx_word' id='word_1_547' title='bbox 908 3893 997 3950; x_wconf 90' lang='lat' dir='ltr'>testis.</span> <span class='ocrx_word' id='word_1_548' title='bbox 1013 3893 1066 3950; x_wconf 86' lang='lat' dir='ltr'>Sed</span> <span class='ocrx_word' id='word_1_549' title='bbox 1080 3893 1202 3964; x_wconf 80' lang='lat' dir='ltr'>jubentis</span> <span class='ocrx_word' id='word_1_550' title='bbox 1216 3905 1363 3964; x_wconf 89' lang='lat' dir='ltr'>secretum,</span> <span class='ocrx_word' id='word_1_551' title='bbox 1379 3904 1407 3952; x_wconf 88' lang='lat' dir='ltr'>ct</span> <span class='ocrx_word' id='word_1_552' title='bbox 1418 3897 1550 3968; x_wconf 79' lang='lat' dir='ltr'>gloriandi</span> <span class='ocrx_word' id='word_1_553' title='bbox 1565 3899 1599 3956; x_wconf 87' lang='lat' dir='ltr'>de</span> <span class='ocrx_word' id='word_1_554' title='bbox 1612 3913 1642 3955; x_wconf 91' lang='lat' dir='ltr'>se</span> <span class='ocrx_word' id='word_1_555' title='bbox 1654 3899 1714 3973; x_wconf 82' lang='lat' dir='ltr'>jac-</span> 
     </span>
     <span class='ocr_line' id='line_1_40' title="bbox 41 3985 1711 4060; baseline 0.001 -13"><span class='ocrx_word' id='word_1_556' title='bbox 41 3989 274 4047; x_wconf 83' lang='lat' dir='ltr'>condemnsssctis</span> <span class='ocrx_word' id='word_1_557' title='bbox 286 3988 432 4043; x_wconf 81' lang='lat' dir='ltr'>iunocenter</span> <span class='ocrx_word' id='word_1_558' title='bbox 444 3985 529 4059; x_wconf 73' lang='lat' dir='ltr'>titis</span> <span class='ocrx_word' id='word_1_559' title='bbox 546 3988 583 4057; x_wconf 90' lang='grc'><strong>1).</strong></span> <span class='ocrx_word' id='word_1_560' title='bbox 598 3985 673 4058; x_wconf 85' lang='lat' dir='ltr'>Opus</span> <span class='ocrx_word' id='word_1_561' title='bbox 687 3987 782 4044; x_wconf 86' lang='lat' dir='ltr'>salutis</span> <span class='ocrx_word' id='word_1_562' title='bbox 795 4001 859 4044; x_wconf 88' lang='lat' dir='ltr'>nos·</span> <span class='ocrx_word' id='word_1_563' title='bbox 909 3985 1020 4040; x_wconf 82' lang='lat' dir='ltr'>tarutism</span> <span class='ocrx_word' id='word_1_564' title='bbox 1045 3985 1182 4054; x_wconf 87' lang='lat' dir='ltr'>declinat,</span> <span class='ocrx_word' id='word_1_565' title='bbox 1214 3994 1242 4042; x_wconf 93' lang='lat' dir='ltr'>et</span> <span class='ocrx_word' id='word_1_566' title='bbox 1269 3987 1445 4043; x_wconf 87' lang='lat' dir='ltr'>uilriiomiuus</span> <span class='ocrx_word' id='word_1_567' title='bbox 1467 3991 1648 4060; x_wconf 76' lang='lat' dir='ltr'>coguitionem</span> <span class='ocrx_word' id='word_1_568' title='bbox 1669 3995 1711 4048; x_wconf 90' lang='lat' dir='ltr'>sui</span> 
     </span>
     <span class='ocr_line' id='line_1_41' title="bbox 39 4075 1709 4156; baseline -0.001 -15"><span class='ocrx_word' id='word_1_569' title='bbox 39 4093 98 4141; x_wconf 82' lang='lat' dir='ltr'>true</span> <span class='ocrx_word' id='word_1_570' title='bbox 114 4095 172 4137; x_wconf 90' lang='lat' dir='ltr'>nun</span> <span class='ocrx_word' id='word_1_571' title='bbox 184 4081 210 4136; x_wconf 92' lang='lat' dir='ltr'>in</span> <span class='ocrx_word' id='word_1_572' title='bbox 223 4079 370 4147; x_wconf 85' lang='lat' dir='ltr'>sacrillcio,</span> <span class='ocrx_word' id='word_1_573' title='bbox 384 4079 432 4136; x_wconf 80' lang='lat' dir='ltr'>scri</span> <span class='ocrx_word' id='word_1_574' title='bbox 445 4079 472 4136; x_wconf 90' lang='lat' dir='ltr'>in</span> <span class='ocrx_word' id='word_1_575' title='bbox 486 4078 674 4135; x_wconf 83' lang='lat' dir='ltr'>misericordia</span> <span class='ocrx_word' id='word_1_576' title='bbox 686 4091 745 4135; x_wconf 90' lang='lat' dir='ltr'>est:</span> <span class='ocrx_word' id='word_1_577' title='bbox 759 4087 787 4136; x_wconf 92' lang='lat' dir='ltr'>et</span> <span class='ocrx_word' id='word_1_578' title='bbox 798 4079 859 4152; x_wconf 67' lang='lat' dir='ltr'>icco</span> <span class='ocrx_word' id='word_1_579' title='bbox 909 4083 1020 4148; x_wconf 72' lang='lat' dir='ltr'>praestat</span> <span class='ocrx_word' id='word_1_580' title='bbox 1036 4075 1062 4129; x_wconf 93' lang='lat' dir='ltr'>in</span> <span class='ocrx_word' id='word_1_581' title='bbox 1076 4089 1109 4131; x_wconf 88' lang='lat' dir='ltr'>eo</span> <span class='ocrx_word' id='word_1_582' title='bbox 1123 4076 1194 4146; x_wconf 90' lang='lat' dir='ltr'>ipso,</span> <span class='ocrx_word' id='word_1_583' title='bbox 1209 4075 1273 4132; x_wconf 86' lang='lat' dir='ltr'>durn</span> <span class='ocrx_word' id='word_1_584' title='bbox 1290 4077 1418 4133; x_wconf 86' lang='lat' dir='ltr'>admouet</span> <span class='ocrx_word' id='word_1_585' title='bbox 1429 4079 1464 4136; x_wconf 88' lang='lat' dir='ltr'>‹ie</span> <span class='ocrx_word' id='word_1_586' title='bbox 1479 4094 1508 4135; x_wconf 87' lang='lat' dir='ltr'>se</span> <span class='ocrx_word' id='word_1_587' title='bbox 1523 4083 1623 4148; x_wconf 86' lang='lat' dir='ltr'>taceri;</span> <span class='ocrx_word' id='word_1_588' title='bbox 1646 4084 1709 4156; x_wconf 84' lang='lat' dir='ltr'>qnia</span> 
     </span>
     <span class='ocr_line' id='line_1_42' title="bbox 39 4168 1711 4245; baseline -0.002 -10"><span class='ocrx_word' id='word_1_589' title='bbox 39 4184 199 4242; x_wconf 86' lang='lat' dir='ltr'>cessante,</span> <span class='ocrx_word' id='word_1_590' title='bbox 210 4173 237 4229; x_wconf 92' lang='lat' dir='ltr'>in</span> <span class='ocrx_word' id='word_1_591' title='bbox 251 4171 300 4230; x_wconf 84' lang='lat' dir='ltr'>ilci</span> <span class='ocrx_word' id='word_1_592' title='bbox 313 4173 435 4230; x_wconf 86' lang='lat' dir='ltr'>bonitate</span> <span class='ocrx_word' id='word_1_593' title='bbox 447 4173 595 4230; x_wconf 79' lang='lat' dir='ltr'>salvamur.</span> <span class='ocrx_word' id='word_1_594' title='bbox 609 4171 694 4242; x_wconf 81' lang='lat' dir='ltr'>Cujus</span> <span class='ocrx_word' id='word_1_595' title='bbox 705 4171 858 4230; x_wconf 80' lang='lat' dir='ltr'>seidonum</span> <span class='ocrx_word' id='word_1_596' title='bbox 909 4168 1081 4226; x_wconf 84' lang='lat' dir='ltr'>obseruantia</span> <span class='ocrx_word' id='word_1_597' title='bbox 1104 4168 1205 4226; x_wconf 84' lang='lat' dir='ltr'>silentii</span> <span class='ocrx_word' id='word_1_598' title='bbox 1229 4185 1261 4226; x_wconf 83' lang='lat' dir='ltr'>cr</span> <span class='ocrx_word' id='word_1_599' title='bbox 1283 4185 1314 4228; x_wconf 87' lang='lat' dir='ltr'>re</span> <span class='ocrx_word' id='word_1_600' title='bbox 1333 4186 1393 4242; x_wconf 79' lang='lat' dir='ltr'>qrrae</span> <span class='ocrx_word' id='word_1_601' title='bbox 1416 4172 1452 4228; x_wconf 83' lang='lat' dir='ltr'>rit</span> <span class='ocrx_word' id='word_1_602' title='bbox 1469 4173 1573 4230; x_wconf 89' lang='lat' dir='ltr'>siieuda</span> <span class='ocrx_word' id='word_1_603' title='bbox 1588 4173 1711 4245; x_wconf 84' lang='lat' dir='ltr'>proicis·</span> 
     </span>
     <span class='ocr_line' id='line_1_43' title="bbox 39 4263 990 4339; baseline -0.012 -11"><span class='ocrx_word' id='word_1_604' title='bbox 39 4271 67 4328; x_wconf 84' lang='lat' dir='ltr'>si</span> <span class='ocrx_word' id='word_1_605' title='bbox 86 4266 311 4336; x_wconf 81' lang='lat' dir='ltr'>intellexissent,</span> <span class='ocrx_word' id='word_1_606' title='bbox 326 4281 473 4339; x_wconf 80' lang='lat' dir='ltr'>rursusquam</span> <span class='ocrx_word' id='word_1_607' title='bbox 486 4265 716 4322; x_wconf 85' lang='lat' dir='ltr'>condemnassent</span> <span class='ocrx_word' id='word_1_608' title='bbox 728 4267 858 4323; x_wconf 87' lang='lat' dir='ltr'>innocen·</span> <span class='ocrx_word' id='word_1_609' title='bbox 908 4263 990 4318; x_wconf 88' lang='lat' dir='ltr'>citur.</span> 
     </span>
     <span class='ocr_line' id='line_1_44' title="bbox 39 4356 1710 4436; baseline -0.004 -15"><span class='ocrx_word' id='word_1_610' title='bbox 39 4373 102 4430; x_wconf 89' lang='lat' dir='ltr'>tes,</span> <span class='ocrx_word' id='word_1_611' title='bbox 121 4359 149 4416; x_wconf 83' lang='lat' dir='ltr'>iti</span> <span class='ocrx_word' id='word_1_612' title='bbox 162 4359 368 4432; x_wconf 74' lang='lat' dir='ltr'>cst,·upnstoios</span> <span class='ocrx_word' id='word_1_613' title='bbox 381 4383 388 4414; x_wconf 71' lang='grc' dir='ltr'><em>ι</em></span> <span class='ocrx_word' id='word_1_614' title='bbox 401 4372 470 4431; x_wconf 82' lang='lat' dir='ltr'>quus</span> <span class='ocrx_word' id='word_1_615' title='bbox 481 4358 664 4416; x_wconf 88' lang='lat' dir='ltr'>insimulaturi</span> <span class='ocrx_word' id='word_1_616' title='bbox 676 4367 754 4436; x_wconf 87' lang='lat' dir='ltr'>erant</span> <span class='ocrx_word' id='word_1_617' title='bbox 768 4369 858 4417; x_wconf 86' lang='lat' dir='ltr'>traus-</span> <span class='ocrx_word' id='word_1_618' title='bbox 946 4356 991 4413; x_wconf 85' lang='lat' dir='ltr'>tu.</span> <span class='ocrx_word' id='word_1_619' title='bbox 1009 4356 1061 4425; x_wconf 83' lang='lat' dir='ltr'>Qui</span> <span class='ocrx_word' id='word_1_620' title='bbox 1081 4357 1234 4412; x_wconf 77' lang='lat' dir='ltr'>arundiuem</span> <span class='ocrx_word' id='word_1_621' title='bbox 1246 4365 1393 4428; x_wconf 83' lang='lat' dir='ltr'>quassatum</span> <span class='ocrx_word' id='word_1_622' title='bbox 1408 4373 1459 4412; x_wconf 93' lang='lat' dir='ltr'>nou</span> <span class='ocrx_word' id='word_1_623' title='bbox 1479 4361 1592 4432; x_wconf 71' lang='lat' dir='ltr'>francet.</span> <span class='ocrx_word' id='word_1_624' title='bbox 1609 4357 1662 4426; x_wconf 83' lang='lat' dir='ltr'>Qui</span> <span class='ocrx_word' id='word_1_625' title='bbox 1676 4359 1710 4416; x_wconf 88' lang='lat' dir='ltr'>li-</span> 
     </span>
     <span class='ocr_line' id='line_1_45' title="bbox 39 4449 1709 4535; baseline -0.004 -20"><span class='ocrx_word' id='word_1_626' title='bbox 39 4469 156 4530; x_wconf 71' lang='lat' dir='ltr'>gressae</span> <span class='ocrx_word' id='word_1_627' title='bbox 180 4453 248 4524; x_wconf 72' lang='lat' dir='ltr'>legis</span> <span class='ocrx_word' id='word_1_628' title='bbox 271 4453 393 4520; x_wconf 85' lang='lat' dir='ltr'>invidia,</span> <span class='ocrx_word' id='word_1_629' title='bbox 417 4468 479 4510; x_wconf 87' lang='lat' dir='ltr'>cuns</span> <span class='ocrx_word' id='word_1_630' title='bbox 503 4451 698 4508; x_wconf 74' lang='lat' dir='ltr'>sacrificiorum</span> <span class='ocrx_word' id='word_1_631' title='bbox 721 4461 859 4510; x_wconf 80' lang='lat' dir='ltr'>uetustate</span> <span class='ocrx_word' id='word_1_632' title='bbox 885 4465 970 4535; x_wconf 26' lang='lat' dir='ltr'>‘nuru</span> <span class='ocrx_word' id='word_1_633' title='bbox 985 4451 1116 4524; x_wconf 74' lang='lat' dir='ltr'>{uminum</span> <span class='ocrx_word' id='word_1_634' title='bbox 1130 4452 1346 4524; x_wconf 71' lang='lat' dir='ltr'>noneustinnuot.</span> <span class='ocrx_word' id='word_1_635' title='bbox 1358 4449 1475 4519; x_wconf 84' lang='lat' dir='ltr'>-Quin</span> <span class='ocrx_word' id='word_1_636' title='bbox 1488 4450 1709 4522; x_wconf 77' lang='lat' dir='ltr'>erisruperlraue</span> 
     </span>
     <span class='ocr_line' id='line_1_46' title="bbox 39 4542 1709 4618; baseline -0.003 -11"><span class='ocrx_word' id='word_1_637' title='bbox 39 4556 179 4607; x_wconf 86' lang='lat' dir='ltr'>cessante</span> <span class='ocrx_word' id='word_1_638' title='bbox 188 4546 322 4603; x_wconf 83' lang='lat' dir='ltr'>uniuersis</span> <span class='ocrx_word' id='word_1_639' title='bbox 335 4561 386 4618; x_wconf 87' lang='lat' dir='ltr'>per</span> <span class='ocrx_word' id='word_1_640' title='bbox 399 4561 448 4602; x_wconf 88' lang='lat' dir='ltr'>eus</span> <span class='ocrx_word' id='word_1_641' title='bbox 461 4545 658 4603; x_wconf 84' lang='lat' dir='ltr'>misericordiae</span> <span class='ocrx_word' id='word_1_642' title='bbox 671 4549 776 4603; x_wconf 85' lang='lat' dir='ltr'>novitas</span> <span class='ocrx_word' id='word_1_643' title='bbox 789 4548 854 4604; x_wconf 87' lang='lat' dir='ltr'>sub·</span> <span class='ocrx_word' id='word_1_644' title='bbox 909 4544 1016 4600; x_wconf 81' lang='lat' dir='ltr'>tacerm</span> <span class='ocrx_word' id='word_1_645' title='bbox 1029 4543 1065 4602; x_wconf 87' lang='lat' dir='ltr'>de</span> <span class='ocrx_word' id='word_1_646' title='bbox 1075 4560 1105 4602; x_wconf 87' lang='lat' dir='ltr'>se</span> <span class='ocrx_word' id='word_1_647' title='bbox 1115 4545 1292 4608; x_wconf 84' lang='lat' dir='ltr'>uoluntatem,</span> <span class='ocrx_word' id='word_1_648' title='bbox 1303 4542 1437 4600; x_wconf 87' lang='lat' dir='ltr'>dictorum</span> <span class='ocrx_word' id='word_1_649' title='bbox 1452 4559 1500 4614; x_wconf 88' lang='lat' dir='ltr'>per</span> <span class='ocrx_word' id='word_1_650' title='bbox 1510 4542 1616 4599; x_wconf 83' lang='lat' dir='ltr'>Esaiam</span> <span class='ocrx_word' id='word_1_651' title='bbox 1626 4543 1709 4602; x_wconf 88' lang='lat' dir='ltr'>ellec-</span> 
     </span>
     <span class='ocr_line' id='line_1_47' title="bbox 39 4627 1707 4716; baseline -0.005 -13"><span class='ocrx_word' id='word_1_652' title='bbox 39 4644 180 4707; x_wconf 77' lang='lat' dir='ltr'>renirct3</span> <span class='ocrx_word' id='word_1_653' title='bbox 194 4654 283 4712; x_wconf 79' lang='lat' dir='ltr'>neque</span> <span class='ocrx_word' id='word_1_654' title='bbox 293 4638 497 4695; x_wconf 79' lang='lat' dir='ltr'>existimassent</span> <span class='ocrx_word' id='word_1_655' title='bbox 508 4637 614 4695; x_wconf 81' lang='lat' dir='ltr'>sabbati</span> <span class='ocrx_word' id='word_1_656' title='bbox 628 4639 789 4711; x_wconf 82' lang='lat' dir='ltr'>praescripto</span> <span class='ocrx_word' id='word_1_657' title='bbox 803 4627 894 4696; x_wconf 84' lang='lat' dir='ltr'>iio-1)</span> <span class='ocrx_word' id='word_1_658' title='bbox 908 4646 952 4693; x_wconf 90' lang='lat' dir='ltr'>tus</span> <span class='ocrx_word' id='word_1_659' title='bbox 965 4637 1092 4708; x_wconf 87' lang='lat' dir='ltr'>impletur</span> <span class='ocrx_word' id='word_1_660' title='bbox 1105 4637 1115 4711; x_wconf 91' lang='lat'><strong>(</strong></span> <span class='ocrx_word' id='word_1_661' title='bbox 1126 4635 1196 4692; x_wconf 80' lang='lat' dir='ltr'>ilici.</span> <span class='ocrx_word' id='word_1_662' title='bbox 1211 4636 1262 4702; x_wconf 86' lang='grc'>17;</span> <span class='ocrx_word' id='word_1_663' title='bbox 1281 4634 1351 4690; x_wconf 83' lang='lat' dir='ltr'>Esui.</span> <span class='ocrx_word' id='word_1_664' title='bbox 1367 4649 1441 4702; x_wconf 81' lang='lat' dir='ltr'>surr,</span> <span class='ocrx_word' id='word_1_665' title='bbox 1465 4636 1478 4716; x_wconf 86' lang='grc'><strong>1</strong></span> <span class='ocrx_word' id='word_1_666' title='bbox 1495 4643 1519 4690; x_wconf 84' lang='lat' dir='ltr'>ct</span> <span class='ocrx_word' id='word_1_667' title='bbox 1544 4651 1613 4709; x_wconf 81' lang='lat' dir='ltr'>seqq.</span> <span class='ocrx_word' id='word_1_668' title='bbox 1626 4636 1655 4708; x_wconf 85' lang='grc'>);</span> <span class='ocrx_word' id='word_1_669' title='bbox 1672 4635 1707 4695; x_wconf 84' lang='lat' dir='ltr'>tie</span> 
     </span>
     <span class='ocr_line' id='line_1_48' title="bbox 39 4724 1706 4805; baseline -0.007 -8"><span class='ocrx_word' id='word_1_670' title='bbox 39 4739 157 4797; x_wconf 77' lang='lat' dir='ltr'>missum</span> <span class='ocrx_word' id='word_1_671' title='bbox 172 4731 279 4792; x_wconf 83' lang='lat' dir='ltr'>sabbati</span> <span class='ocrx_word' id='word_1_672' title='bbox 292 4732 438 4790; x_wconf 90' lang='lat' dir='ltr'>oontiueri.</span> <span class='ocrx_word' id='word_1_673' title='bbox 454 4731 519 4789; x_wconf 83' lang='lat' dir='ltr'>llaeo</span> <span class='ocrx_word' id='word_1_674' title='bbox 531 4731 559 4788; x_wconf 94' lang='lat' dir='ltr'>iu</span> <span class='ocrx_word' id='word_1_675' title='bbox 574 4747 671 4805; x_wconf 79' lang='lat' dir='ltr'>canapo</span> <span class='ocrx_word' id='word_1_676' title='bbox 682 4733 754 4789; x_wconf 83' lang='lat' dir='ltr'>dicta</span> <span class='ocrx_word' id='word_1_677' title='bbox 766 4741 854 4805; x_wconf 74' lang='lat' dir='ltr'>gesta·</span> <span class='ocrx_word' id='word_1_678' title='bbox 908 4728 986 4799; x_wconf 81' lang='lat' dir='ltr'>cujus</span> <span class='ocrx_word' id='word_1_679' title='bbox 1000 4726 1142 4800; x_wconf 80' lang='lat' dir='ltr'>propinetis</span> <span class='ocrx_word' id='word_1_680' title='bbox 1152 4726 1217 4783; x_wconf 86' lang='lat' dir='ltr'>iilud</span> <span class='ocrx_word' id='word_1_681' title='bbox 1231 4740 1303 4782; x_wconf 91' lang='lat' dir='ltr'>nunc</span> <span class='ocrx_word' id='word_1_682' title='bbox 1319 4733 1422 4781; x_wconf 83' lang='lat' dir='ltr'>toruum</span> <span class='ocrx_word' id='word_1_683' title='bbox 1431 4724 1617 4796; x_wconf 79' lang='lat' dir='ltr'>adunaremus,</span> <span class='ocrx_word' id='word_1_684' title='bbox 1633 4727 1706 4787; x_wconf 85' lang='lat' dir='ltr'>larrne</span> 
     </span>
     <span class='ocr_line' id='line_1_49' title="bbox 39 4819 1706 4908; baseline -0.006 -20"><span class='ocrx_word' id='word_1_685' title='bbox 39 4847 106 4908; x_wconf 83' lang='lat' dir='ltr'>que</span> <span class='ocrx_word' id='word_1_686' title='bbox 121 4836 197 4886; x_wconf 88' lang='lat' dir='ltr'>sunt.</span> <span class='ocrx_word' id='word_1_687' title='bbox 908 4832 937 4880; x_wconf 90' lang='lat' dir='ltr'>et</span> <span class='ocrx_word' id='word_1_688' title='bbox 949 4822 1078 4880; x_wconf 86' lang='lat' dir='ltr'>dilectum</span> <span class='ocrx_word' id='word_1_689' title='bbox 1100 4837 1115 4878; x_wconf 90' lang='lat' dir='ltr'>a</span> <span class='ocrx_word' id='word_1_690' title='bbox 1130 4821 1206 4888; x_wconf 84' lang='lat' dir='ltr'>Deo,</span> <span class='ocrx_word' id='word_1_691' title='bbox 1231 4829 1260 4876; x_wconf 90' lang='lat' dir='ltr'>et</span> <span class='ocrx_word' id='word_1_692' title='bbox 1278 4819 1305 4875; x_wconf 92' lang='lat' dir='ltr'>ln</span> <span class='ocrx_word' id='word_1_693' title='bbox 1320 4833 1354 4876; x_wconf 91' lang='lat' dir='ltr'>eo</span> <span class='ocrx_word' id='word_1_694' title='bbox 1375 4830 1493 4890; x_wconf 73' lang='lat' dir='ltr'>paternae</span> <span class='ocrx_word' id='word_1_695' title='bbox 1508 4821 1706 4894; x_wconf 83' lang='lat' dir='ltr'>beruopiacitum</span> 
     </span>
     <span class='ocr_line' id='line_1_50' title="bbox 80 4909 1707 4998; baseline -0.003 -19"><span class='ocrx_word' id='word_1_696' title='bbox 80 4927 115 4983; x_wconf 82' lang='lat'>6.</span> <span class='ocrx_word' id='word_1_697' title='bbox 132 4921 224 4980; x_wconf 75' lang='lat' dir='ltr'>Monoi</span> <span class='ocrx_word' id='word_1_698' title='bbox 242 4923 443 4981; x_wconf 78' lang='lat' dir='ltr'>curatio-lit</span> <span class='ocrx_word' id='word_1_699' title='bbox 461 4932 523 4996; x_wconf 88' lang='lat' dir='ltr'>post</span> <span class='ocrx_word' id='word_1_700' title='bbox 542 4923 603 4981; x_wconf 81' lang='lat' dir='ltr'>iraec</span> <span class='ocrx_word' id='word_1_701' title='bbox 625 4940 790 4998; x_wconf 70' lang='lat' dir='ltr'>synagogam</span> <span class='ocrx_word' id='word_1_702' title='bbox 812 4925 856 4982; x_wconf 92' lang='lat' dir='ltr'>in·</span> <span class='ocrx_word' id='word_1_703' title='bbox 908 4917 1054 4986; x_wconf 85' lang='lat' dir='ltr'>uoluntati,</span> <span class='ocrx_word' id='word_1_704' title='bbox 1070 4926 1099 4974; x_wconf 87' lang='lat' dir='ltr'>et</span> <span class='ocrx_word' id='word_1_705' title='bbox 1110 4917 1241 4989; x_wconf 87' lang='lat' dir='ltr'>Spiritum</span> <span class='ocrx_word' id='word_1_706' title='bbox 1257 4909 1304 4972; x_wconf 81' lang='lat' dir='ltr'>ilci</span> <span class='ocrx_word' id='word_1_707' title='bbox 1318 4929 1400 4986; x_wconf 87' lang='lat' dir='ltr'>super</span> <span class='ocrx_word' id='word_1_708' title='bbox 1414 4930 1476 4972; x_wconf 89' lang='lat' dir='ltr'>eum</span> <span class='ocrx_word' id='word_1_709' title='bbox 1491 4931 1569 4984; x_wconf 85' lang='lat' dir='ltr'>esse,</span> <span class='ocrx_word' id='word_1_710' title='bbox 1585 4925 1612 4972; x_wconf 88' lang='lat' dir='ltr'>et</span> <span class='ocrx_word' id='word_1_711' title='bbox 1625 4915 1660 4971; x_wconf 83' lang='lat' dir='ltr'>als</span> <span class='ocrx_word' id='word_1_712' title='bbox 1672 4931 1707 4974; x_wconf 90' lang='lat' dir='ltr'>eo</span> 
     </span>
     <span class='ocr_line' id='line_1_51' title="bbox 39 5007 1709 5096; baseline -0.007 -19"><span class='ocrx_word' id='word_1_713' title='bbox 39 5031 149 5096; x_wconf 72' lang='lat' dir='ltr'>gresso</span> <span class='ocrx_word' id='word_1_714' title='bbox 167 5015 305 5074; x_wconf 88' lang='lat' dir='ltr'>lromiuem</span> <span class='ocrx_word' id='word_1_715' title='bbox 324 5016 408 5073; x_wconf 77' lang='lat' dir='ltr'>sridss</span> <span class='ocrx_word' id='word_1_716' title='bbox 423 5029 521 5073; x_wconf 82' lang='lat' dir='ltr'>munus</span> <span class='ocrx_word' id='word_1_717' title='bbox 532 5015 668 5087; x_wconf 69' lang='lat' dir='ltr'>offerunt,</span> <span class='ocrx_word' id='word_1_718' title='bbox 689 5019 858 5091; x_wconf 71' lang='lat' dir='ltr'>interrogan-</span> <span class='ocrx_word' id='word_1_719' title='bbox 907 5014 1039 5088; x_wconf 82' lang='lat' dir='ltr'>judicium</span> <span class='ocrx_word' id='word_1_720' title='bbox 1054 5011 1182 5087; x_wconf 74' lang='lat' dir='ltr'>gentibus</span> <span class='ocrx_word' id='word_1_721' title='bbox 1195 5007 1332 5078; x_wconf 90' lang='lat' dir='ltr'>nuntiari,</span> <span class='ocrx_word' id='word_1_722' title='bbox 1347 5017 1374 5066; x_wconf 92' lang='lat' dir='ltr'>ct</span> <span class='ocrx_word' id='word_1_723' title='bbox 1385 5009 1544 5066; x_wconf 84' lang='lat' dir='ltr'>arundinem</span> <span class='ocrx_word' id='word_1_724' title='bbox 1557 5025 1615 5083; x_wconf 79' lang='lat' dir='ltr'>quin</span> <span class='ocrx_word' id='word_1_725' title='bbox 1626 5023 1709 5081; x_wconf 85' lang='lat' dir='ltr'>quus-</span> 
     </span>
    </p>
   </div>
   <div class='ocr_carea' id='block_1_3' title="bbox 82 5155 1708 5319">
    <p class='ocr_par' dir='ltr' id='par_1_3' title="bbox 82 5155 1708 5319">
     <span class='ocr_line' id='line_1_52' title="bbox 82 5155 1708 5240; baseline -0.009 -12"><span class='ocrx_word' id='word_1_726' title='bbox 82 5171 129 5240; x_wconf 82' lang='lat' dir='ltr'>(o)</span> <span class='ocrx_word' id='word_1_727' title='bbox 145 5171 208 5227; x_wconf 85' lang='lat' dir='ltr'>lius.</span> <span class='ocrx_word' id='word_1_728' title='bbox 221 5171 299 5230; x_wconf 77' lang='lat' dir='ltr'>(lulis.</span> <span class='ocrx_word' id='word_1_729' title='bbox 313 5179 341 5228; x_wconf 87' lang='lat' dir='ltr'>ct</span> <span class='ocrx_word' id='word_1_730' title='bbox 352 5171 435 5228; x_wconf 83' lang='lat' dir='ltr'>carn.</span> <span class='ocrx_word' id='word_1_731' title='bbox 447 5169 570 5228; x_wconf 78' lang='lat' dir='ltr'>milonis.</span> <span class='ocrx_word' id='word_1_732' title='bbox 911 5165 983 5221; x_wconf 81' lang='lat' dir='ltr'>turio.</span> <span class='ocrx_word' id='word_1_733' title='bbox 1005 5161 1074 5219; x_wconf 84' lang='lat' dir='ltr'>Tum</span> <span class='ocrx_word' id='word_1_734' title='bbox 1095 5160 1124 5216; x_wconf 91' lang='lat' dir='ltr'>in</span> <span class='ocrx_word' id='word_1_735' title='bbox 1145 5158 1227 5218; x_wconf 88' lang='lat' dir='ltr'>Carn.</span> <span class='ocrx_word' id='word_1_736' title='bbox 1249 5167 1278 5214; x_wconf 85' lang='lat' dir='ltr'>ct</span> <span class='ocrx_word' id='word_1_737' title='bbox 1295 5155 1373 5215; x_wconf 79' lang='lat' dir='ltr'>Coto.</span> <span class='ocrx_word' id='word_1_738' title='bbox 1386 5159 1572 5232; x_wconf 65' lang='lat' dir='ltr'>receptissimus,</span> <span class='ocrx_word' id='word_1_739' title='bbox 1586 5171 1639 5214; x_wconf 89' lang='lat' dir='ltr'>uon</span> <span class='ocrx_word' id='word_1_740' title='bbox 1651 5174 1708 5215; x_wconf 87' lang='lat' dir='ltr'>rcc-</span> 
     </span>
     <span class='ocr_line' id='line_1_53' title="bbox 83 5237 1020 5319; baseline -0.009 -20"><span class='ocrx_word' id='word_1_741' title='bbox 83 5245 127 5319; x_wconf 82' lang='lat' dir='ltr'>(l)</span> <span class='ocrx_word' id='word_1_742' title='bbox 141 5242 224 5300; x_wconf 87' lang='lat' dir='ltr'>iidem</span> <span class='ocrx_word' id='word_1_743' title='bbox 235 5257 301 5300; x_wconf 88' lang='lat' dir='ltr'>mss.</span> <span class='ocrx_word' id='word_1_744' title='bbox 312 5257 374 5300; x_wconf 88' lang='lat' dir='ltr'>cum</span> <span class='ocrx_word' id='word_1_745' title='bbox 386 5243 465 5300; x_wconf 85' lang='lat' dir='ltr'>lions.</span> <span class='ocrx_word' id='word_1_746' title='bbox 478 5240 754 5309; x_wconf 69' lang='lat' dir='ltr'>asisinatensium</span> <span class='ocrx_word' id='word_1_747' title='bbox 765 5243 855 5313; x_wconf 73' lang='lat' dir='ltr'>{uisse</span> <span class='ocrx_word' id='word_1_748' title='bbox 909 5237 1020 5308; x_wconf 77' lang='lat' dir='ltr'>risuque.</span> 
     </span>
    </p>
   </div>
   <div class='ocr_carea' id='block_1_4' title="bbox 694 5301 1707 5448">
    <p class='ocr_par' dir='ltr' id='par_1_4' title="bbox 694 5301 1707 5448">
     <span class='ocr_line' id='line_1_54' title="bbox 694 5301 1707 5403; baseline -0.012 -33"><span class='ocrx_word' id='word_1_749' title='bbox 694 5332 771 5403; x_wconf 59' lang='grc' dir='ltr'>(ω),</span> <span class='ocrx_word' id='word_1_750' title='bbox 791 5348 855 5403; x_wconf 58' lang='lat' dir='ltr'>pm,</span> <span class='ocrx_word' id='word_1_751' title='bbox 946 5301 1707 5383; x_wconf 76' lang='lat' dir='ltr'>(9)Editl,cur·ontur.lunsuuumimdorrsloe,ets.,cmetr·</span> 
     </span>
     <span class='ocr_line' id='line_1_55' title="bbox 910 5375 1301 5448; baseline -0.026 -10"><span class='ocrx_word' id='word_1_752' title='bbox 910 5380 1011 5438; x_wconf 88' lang='lat' dir='ltr'>dantur</span> <span class='ocrx_word' id='word_1_753' title='bbox 1025 5393 1057 5433; x_wconf 85' lang='lat' dir='ltr'>ex</span> <span class='ocrx_word' id='word_1_754' title='bbox 1074 5375 1222 5448; x_wconf 78' lang='lat' dir='ltr'>potioribus</span> <span class='ocrx_word' id='word_1_755' title='bbox 1236 5391 1301 5432; x_wconf 89' lang='lat' dir='ltr'>mss.</span> 
     </span>
    </p>
   </div>
   <div class='ocr_carea' id='block_1_5' title="bbox 85 5443 1709 5624">
    <p class='ocr_par' dir='ltr' id='par_1_5' title="bbox 85 5443 1709 5624">
     <span class='ocr_line' id='line_1_56' title="bbox 279 5443 1709 5525; baseline -0.006 -16"><span class='ocrx_word' id='word_1_756' title='bbox 279 5498 285 5509; x_wconf 95' lang='lat'><strong>.</strong></span> <span class='ocrx_word' id='word_1_757' title='bbox 415 5498 421 5510; x_wconf 95' lang='lat'><strong>.</strong></span> <span class='ocrx_word' id='word_1_758' title='bbox 766 5494 821 5509; x_wconf 85' lang='lat'>..</span> <span class='ocrx_word' id='word_1_759' title='bbox 947 5446 1344 5525; x_wconf 56' lang='lat' dir='ltr'>(immanissimorum.</span> <span class='ocrx_word' id='word_1_760' title='bbox 1364 5443 1709 5515; x_wconf 55' lang='lat' dir='ltr'>nostine-criuntur</span> 
     </span>
     <span class='ocr_line' id='line_1_57' title="bbox 85 5495 1708 5624; baseline -0.009 -39"><span class='ocrx_word' id='word_1_761' title='bbox 85 5499 130 5571; x_wconf 56' lang='lat' dir='ltr'>(d)</span> <span class='ocrx_word' id='word_1_762' title='bbox 144 5497 172 5553; x_wconf 75' lang='lat'>¹¹¹</span> <span class='ocrx_word' id='word_1_763' title='bbox 186 5498 302 5624; x_wconf 49' lang='grc' dir='ltr'>ΜΨ</span> <span class='ocrx_word' id='word_1_764' title='bbox 314 5495 554 5566; x_wconf 62' lang='lat' dir='ltr'>&#39;⁰⁹¹⁰&#39;&#39;bum&#39;&#39;&#39;</span> <span class='ocrx_word' id='word_1_765' title='bbox 567 5495 675 5564; x_wconf 38' lang='lat' dir='ltr'>&#39;‘⁰¹⁰&#39;&#39;ss</span> <span class='ocrx_word' id='word_1_766' title='bbox 690 5495 856 5552; x_wconf 71' lang='lat'>⁰⁰¹¹⁰¹¹¹¹¹¹¹¹⁸</span> <span class='ocrx_word' id='word_1_767' title='bbox 902 5526 998 5596; x_wconf 81' lang='lat' dir='ltr'>jussit,</span> <span class='ocrx_word' id='word_1_768' title='bbox 1019 5537 1068 5592; x_wconf 91' lang='lat' dir='ltr'>pru</span> <span class='ocrx_word' id='word_1_769' title='bbox 1086 5535 1144 5574; x_wconf 83' lang='lat' dir='ltr'>cuns</span> <span class='ocrx_word' id='word_1_770' title='bbox 1160 5519 1249 5589; x_wconf 79' lang='lat' dir='ltr'>jussit.</span> <span class='ocrx_word' id='word_1_771' title='bbox 1277 5519 1340 5573; x_wconf 89' lang='lat' dir='ltr'>Post</span> <span class='ocrx_word' id='word_1_772' title='bbox 1355 5531 1439 5585; x_wconf 66' lang='lat' dir='ltr'>trauca</span> <span class='ocrx_word' id='word_1_773' title='bbox 1454 5517 1480 5571; x_wconf 90' lang='lat' dir='ltr'>in</span> <span class='ocrx_word' id='word_1_774' title='bbox 1497 5516 1584 5572; x_wconf 80' lang='lat' dir='ltr'>tritius</span> <span class='ocrx_word' id='word_1_775' title='bbox 1598 5529 1665 5570; x_wconf 87' lang='lat' dir='ltr'>mss.</span> <span class='ocrx_word' id='word_1_776' title='bbox 1680 5517 1708 5572; x_wconf 88' lang='lat' dir='ltr'>iu</span> 
     </span>
    </p>
   </div>
   <div class='ocr_carea' id='block_1_6' title="bbox 39 5331 671 5485">
    <p class='ocr_par' dir='ltr' id='par_1_6' title="bbox 39 5331 671 5485">
     <span class='ocr_line' id='line_1_58' title="bbox 86 5331 671 5407; baseline 0.002 -18"><span class='ocrx_word' id='word_1_777' title='bbox 86 5337 127 5407; x_wconf 88' lang='lat' dir='ltr'>(c)</span> <span class='ocrx_word' id='word_1_778' title='bbox 144 5335 206 5390; x_wconf 84' lang='lat' dir='ltr'>Par.</span> <span class='ocrx_word' id='word_1_779' title='bbox 226 5349 289 5391; x_wconf 91' lang='lat' dir='ltr'>cum</span> <span class='ocrx_word' id='word_1_780' title='bbox 307 5331 445 5406; x_wconf 80' lang='lat' dir='ltr'>prserllctis</span> <span class='ocrx_word' id='word_1_781' title='bbox 466 5343 584 5404; x_wconf 79' lang='lat' dir='ltr'>quatuor</span> <span class='ocrx_word' id='word_1_782' title='bbox 603 5345 671 5390; x_wconf 82' lang='lat' dir='ltr'>ntus.</span> 
     </span>
     <span class='ocr_line' id='line_1_59' title="bbox 39 5405 276 5485; baseline -0.017 -19"><span class='ocrx_word' id='word_1_783' title='bbox 39 5411 139 5485; x_wconf 82' lang='lat' dir='ltr'>plretoe</span> <span class='ocrx_word' id='word_1_784' title='bbox 152 5405 276 5478; x_wconf 75' lang='lat' dir='ltr'>iuteliinc.</span> 
     </span>
    </p>
   </div>
   <div class='ocr_carea' id='block_1_7' title="bbox 39 5568 1707 5674">
    <p class='ocr_par' dir='ltr' id='par_1_7' title="bbox 39 5568 1707 5674">
     <span class='ocr_line' id='line_1_60' title="bbox 39 5568 1707 5674; baseline -0.005 -21"><span class='ocrx_word' id='word_1_785' title='bbox 39 5573 76 5631; x_wconf 65' lang='lat'>¹¹¹</span> <span class='ocrx_word' id='word_1_786' title='bbox 93 5569 176 5625; x_wconf 53' lang='grc' dir='ltr'>Μ·</span> <span class='ocrx_word' id='word_1_787' title='bbox 190 5579 219 5625; x_wconf 70' lang='lat'>⁰⁸</span> <span class='ocrx_word' id='word_1_788' title='bbox 269 5568 665 5651; x_wconf 56' lang='lat' dir='ltr'>¹¹¹·”3⁰¹“‘’⁵.¹¹W¹”⁰&#39;b¹¹m</span> <span class='ocrx_word' id='word_1_789' title='bbox 677 5568 857 5635; x_wconf 55' lang='lat' dir='ltr'>“mmm</span> <span class='ocrx_word' id='word_1_790' title='bbox 908 5594 1079 5651; x_wconf 77' lang='lat' dir='ltr'>ministerium</span> <span class='ocrx_word' id='word_1_791' title='bbox 1093 5591 1277 5662; x_wconf 84' lang='lat' dir='ltr'>apostolorum.</span> <span class='ocrx_word' id='word_1_792' title='bbox 1304 5587 1416 5644; x_wconf 83' lang='lat' dir='ltr'>Rectius</span> <span class='ocrx_word' id='word_1_793' title='bbox 1430 5587 1475 5642; x_wconf 86' lang='lat' dir='ltr'>aiii</span> <span class='ocrx_word' id='word_1_794' title='bbox 1491 5587 1552 5644; x_wconf 84' lang='lat' dir='ltr'>libri</span> <span class='ocrx_word' id='word_1_795' title='bbox 1567 5588 1707 5674; x_wconf 73' lang='lat' dir='ltr'>rrriuistrrt&#39;u</span> 
     </span>
    </p>
   </div>
   <div class='ocr_carea' id='block_1_8' title="bbox 39 5639 1708 5808">
    <p class='ocr_par' dir='ltr' id='par_1_8' title="bbox 39 5639 1708 5808">
     <span class='ocr_line' id='line_1_61' title="bbox 39 5639 1224 5723; baseline -0.006 -24"><span class='ocrx_word' id='word_1_796' title='bbox 39 5642 125 5717; x_wconf 80' lang='lat' dir='ltr'>quot</span> <span class='ocrx_word' id='word_1_797' title='bbox 140 5639 529 5698; x_wconf 75' lang='lat' dir='ltr'>snuinuemtcnnrtsucons.</span> <span class='ocrx_word' id='word_1_798' title='bbox 908 5669 937 5723; x_wconf 65' lang='lat' dir='ltr'>in</span> <span class='ocrx_word' id='word_1_799' title='bbox 951 5665 1032 5722; x_wconf 56' lang='lat' dir='ltr'>dandi</span> <span class='ocrx_word' id='word_1_800' title='bbox 1045 5678 1119 5718; x_wconf 61' lang='lat' dir='ltr'>ms„</span> <span class='ocrx_word' id='word_1_801' title='bbox 1219 5687 1224 5696; x_wconf 85' lang='lat'>,</span> 
     </span>
     <span class='ocr_line' id='line_1_62' title="bbox 85 5711 1708 5808; baseline -0.001 -21"><span class='ocrx_word' id='word_1_802' title='bbox 85 5713 126 5787; x_wconf 71' lang='grc' dir='ltr'>(θ)</span> <span class='ocrx_word' id='word_1_803' title='bbox 138 5711 193 5768; x_wconf 74' lang='lat'>⁸⁰¹</span> <span class='ocrx_word' id='word_1_804' title='bbox 207 5725 272 5766; x_wconf 61' lang='grc' dir='ltr'>Μ’·</span> <span class='ocrx_word' id='word_1_805' title='bbox 287 5718 395 5766; x_wconf 61' lang='lat' dir='ltr'>‘mm‘</span> <span class='ocrx_word' id='word_1_806' title='bbox 408 5726 461 5767; x_wconf 60' lang='grc' dir='ltr'>Μ’]</span> <span class='ocrx_word' id='word_1_807' title='bbox 474 5721 538 5770; x_wconf 72' lang='lat'>⁸⁰⁰⁸</span> <span class='ocrx_word' id='word_1_808' title='bbox 551 5711 690 5770; x_wconf 56' lang='lat' dir='ltr'>&#39;&#39;lmi-</span> <span class='ocrx_word' id='word_1_809' title='bbox 945 5738 978 5808; x_wconf 87' lang='lat' dir='ltr'>(i)</span> <span class='ocrx_word' id='word_1_810' title='bbox 994 5734 1070 5806; x_wconf 79' lang='lat' dir='ltr'>Apud</span> <span class='ocrx_word' id='word_1_811' title='bbox 1087 5735 1150 5790; x_wconf 89' lang='lat' dir='ltr'>Par.</span> <span class='ocrx_word' id='word_1_812' title='bbox 1170 5731 1215 5790; x_wconf 88' lang='lat' dir='ltr'>iric</span> <span class='ocrx_word' id='word_1_813' title='bbox 1227 5733 1359 5789; x_wconf 87' lang='lat' dir='ltr'>insertum</span> <span class='ocrx_word' id='word_1_814' title='bbox 1374 5737 1432 5793; x_wconf 85' lang='lat' dir='ltr'>est,</span> <span class='ocrx_word' id='word_1_815' title='bbox 1451 5732 1594 5786; x_wconf 84' lang='lat' dir='ltr'>curationes</span> <span class='ocrx_word' id='word_1_816' title='bbox 1606 5731 1634 5783; x_wconf 86' lang='lat' dir='ltr'>in</span> <span class='ocrx_word' id='word_1_817' title='bbox 1646 5729 1708 5786; x_wconf 83' lang='lat' dir='ltr'>sol·</span> 
     </span>
    </p>
   </div>
   <div class='ocr_carea' id='block_1_9' title="bbox 41 5797 1710 5950">
    <p class='ocr_par' dir='ltr' id='par_1_9' title="bbox 41 5797 1710 5950">
     <span class='ocr_line' id='line_1_63' title="bbox 41 5797 1710 5879; baseline -0.001 -17"><span class='ocrx_word' id='word_1_818' title='bbox 41 5864 52 5877; x_wconf 78' lang='lat'><strong>.</strong></span> <span class='ocrx_word' id='word_1_819' title='bbox 89 5805 132 5879; x_wconf 74' lang='lat' dir='ltr'>(s)</span> <span class='ocrx_word' id='word_1_820' title='bbox 146 5803 176 5862; x_wconf 90' lang='lat' dir='ltr'>lu</span> <span class='ocrx_word' id='word_1_821' title='bbox 190 5805 263 5876; x_wconf 72' lang='lat' dir='ltr'>mlti-</span> <span class='ocrx_word' id='word_1_822' title='bbox 276 5803 328 5870; x_wconf 81' lang='lat' dir='ltr'>siut</span> <span class='ocrx_word' id='word_1_823' title='bbox 339 5799 418 5861; x_wconf 80' lang='lat' dir='ltr'>sutili.</span> <span class='ocrx_word' id='word_1_824' title='bbox 429 5799 632 5862; x_wconf 82' lang='lat' dir='ltr'>Punicreutium</span> <span class='ocrx_word' id='word_1_825' title='bbox 644 5820 706 5874; x_wconf 85' lang='lat' dir='ltr'>esse</span> <span class='ocrx_word' id='word_1_826' title='bbox 716 5816 778 5862; x_wconf 86' lang='lat' dir='ltr'>eunt</span> <span class='ocrx_word' id='word_1_827' title='bbox 790 5817 856 5858; x_wconf 84' lang='lat' dir='ltr'>uuss.</span> <span class='ocrx_word' id='word_1_828' title='bbox 909 5808 968 5865; x_wconf 80' lang='lat' dir='ltr'>boto</span> <span class='ocrx_word' id='word_1_829' title='bbox 981 5815 1024 5872; x_wconf 82' lang='lat' dir='ltr'>et,</span> <span class='ocrx_word' id='word_1_830' title='bbox 1045 5805 1118 5878; x_wconf 83' lang='lat' dir='ltr'>qrrod</span> <span class='ocrx_word' id='word_1_831' title='bbox 1139 5807 1219 5862; x_wconf 86' lang='lat' dir='ltr'>etiam</span> <span class='ocrx_word' id='word_1_832' title='bbox 1240 5799 1372 5860; x_wconf 82' lang='lat' dir='ltr'>exstasin</span> <span class='ocrx_word' id='word_1_833' title='bbox 1389 5816 1455 5858; x_wconf 89' lang='lat' dir='ltr'>mss.</span> <span class='ocrx_word' id='word_1_834' title='bbox 1472 5801 1567 5871; x_wconf 80' lang='lat' dir='ltr'>Rom,</span> <span class='ocrx_word' id='word_1_835' title='bbox 1587 5797 1667 5860; x_wconf 77' lang='lat' dir='ltr'>Colit.</span> <span class='ocrx_word' id='word_1_836' title='bbox 1680 5811 1710 5860; x_wconf 88' lang='lat' dir='ltr'>et</span> 
     </span>
     <span class='ocr_line' id='line_1_64' title="bbox 42 5865 1528 5950; baseline -0.005 -14"><span class='ocrx_word' id='word_1_837' title='bbox 42 5880 105 5936; x_wconf 85' lang='lat' dir='ltr'>sint</span> <span class='ocrx_word' id='word_1_838' title='bbox 119 5875 243 5945; x_wconf 84' lang='lat' dir='ltr'>solliciti,</span> <span class='ocrx_word' id='word_1_839' title='bbox 258 5873 355 5933; x_wconf 81' lang='lat' dir='ltr'>studet</span> <span class='ocrx_word' id='word_1_840' title='bbox 367 5865 433 5932; x_wconf 81' lang='lat' dir='ltr'>ltlutl</span> <span class='ocrx_word' id='word_1_841' title='bbox 446 5867 517 5948; x_wconf 85' lang='lat' dir='ltr'>qttod</span> <span class='ocrx_word' id='word_1_842' title='bbox 531 5876 682 5950; x_wconf 73' lang='lat' dir='ltr'>stririicimr,</span> <span class='ocrx_word' id='word_1_843' title='bbox 697 5871 750 5934; x_wconf 80' lang='lat' dir='ltr'>onir</span> <span class='ocrx_word' id='word_1_844' title='bbox 762 5869 859 5932; x_wconf 63' lang='lat' dir='ltr'>soliriiss</span> <span class='ocrx_word' id='word_1_845' title='bbox 910 5879 992 5940; x_wconf 81' lang='lat' dir='ltr'>carn.</span> <span class='ocrx_word' id='word_1_846' title='bbox 1008 5877 1056 5940; x_wconf 79' lang='lat' dir='ltr'>teti</span> <span class='ocrx_word' id='word_1_847' title='bbox 1072 5876 1105 5935; x_wconf 81' lang='lat' dir='ltr'>uri</span> <span class='ocrx_word' id='word_1_848' title='bbox 1122 5891 1178 5936; x_wconf 82' lang='lat' dir='ltr'>rem</span> <span class='ocrx_word' id='word_1_849' title='bbox 1194 5883 1248 5932; x_wconf 90' lang='lat' dir='ltr'>uon</span> <span class='ocrx_word' id='word_1_850' title='bbox 1264 5871 1369 5931; x_wconf 74' lang='lat' dir='ltr'>sistetur</span> <span class='ocrx_word' id='word_1_851' title='bbox 1381 5875 1528 5944; x_wconf 72' lang='lat' dir='ltr'>partinens</span> 
     </span>
    </p>
   </div>
   <div class='ocr_carea' id='block_1_10' title="bbox 135 6016 294 6037">
    <p class='ocr_par' dir='ltr' id='par_1_10' title="bbox 135 6016 294 6037">
     <span class='ocr_line' id='line_1_65' title="bbox 135 6016 294 6037; baseline 0.013 -15"><span class='ocrx_word' id='word_1_852' title='bbox 135 6016 294 6037; x_wconf 46' lang='lat' dir='ltr'>..ewrw-</span> 
     </span>
    </p>
   </div>
   <div class='ocr_carea' id='block_1_11' title="bbox 47 6031 100 6067">
    <p class='ocr_par' dir='ltr' id='par_1_11' title="bbox 47 6031 100 6067">
     <span class='ocr_line' id='line_1_66' title="bbox 47 6031 100 6067; baseline 0 0"><span class='ocrx_word' id='word_1_853' title='bbox 47 6031 100 6067; x_wconf 61' lang='grc' dir='ltr'>ν’</span> 
     </span>
    </p>
   </div>
   <div class='ocr_carea' id='block_1_12' title="bbox 0 0 2026 6342">
    <p class='ocr_par' dir='ltr' id='par_1_12' title="bbox 0 0 2026 6342">
     <span class='ocr_line' id='line_1_67' title="bbox 0 0 2026 6342; baseline 0 5"><span class='ocrx_word' id='word_1_854' title='bbox 0 0 2026 6342; x_wconf 95' lang='lat' dir='ltr'> </span> 
     </span>
    </p>
   </div>
  </div>
 </body>
</html>
