4042 6342
88 331 156 388 {llll
536 334 808 399 COMMENTARIUS
824 341 857 398 ΙΝ
875 342 1093 408 MATTHAEUM.
1114 347 1192 407 cte.
1213 349 1296 408 xxtt.
1667 361 1739 420 tola

122 448 165 504 tt.
192 447 230 504 tft
244 451 373 519 mortrado
386 451 540 508 obedientes.
554 484 590 496 -
603 455 637 511 Et
658 456 684 511 in
707 459 1037 530 responsioncACitristi
1054 467 1187 538 speculari
1207 478 1299 540 posset
1318 469 1461 528 adventus.
1481 472 1511 530 fn
1530 475 1634 533 colonis
1652 492 1735 548 vero,

84 540 193 611 atridem
206 541 408 599 Pltarisuorum
421 544 543 615 quaedam
555 557 597 602 εει
609 547 759 604 necessitas
769 549 887 621 propte·
936 555 1089 630 priucipum
1102 560 1275 618 sacerdotum
1294 571 1322 619 et
1338 563 1536 624 Pftariseorum
1553 579 1596 626 εει
1616 568 1735 641 species,

83 635 138 690 tfae.
152 632 221 690 Nam
238 634 318 690 inviti
332 635 409 702 ticet,
427 636 592 692 euvrftemur
606 640 668 709 quis
683 640 830 697 obsecutus
850 641 885 697 sit
936 650 1034 720 quinus
1050 652 1077 707 fn
1090 652 1196 724 plebem
1208 663 1328 724 potestas
1341 663 1383 714 est
1395 657 1434 733 (d)
1448 661 1578 730 permissa
1589 660 1732 720 doctrinae.

82 726 229 794 voluntati,
239 727 333 799 junruior
345 729 451 785 scilicet
465 729 546 796 itlius,
560 731 690 788 obediens
707 736 883 805 professione,
971 741 999 798 2.
1017 743 1091 801 Serui
1102 747 1182 804 missi.
1199 746 1286 806 Filius
1303 754 1411 806 εεείεει.
1426 751 1537 810 Sceleris
1550 772 1617 826 spes.
1634 755 1736 812 Patris-

80 821 148 878 licet
163 837 217 877 non
229 821 353 880 efficiens
367 824 393 878 iu
408 833 550 893 ternporc;
564 827 627 898 quia
649 827 787 886 fvdcssula
804 831 885 902 iusti·
935 835 1050 906 [annilius
1069 839 1176 898 reditus.
1196 839 1276 910 Lapis
1296 844 1439 918 aupalaris.
1456 875 1492 886 —
1504 844 1533 902 ln
1555 849 1643 905 servis
1656 863 1733 918 veto,

80 916 156 972 licat.
172 916 262 1009 Atque
285 916 346 974 ideo
368 917 502 989 publicani
522 928 550 973 et
570 921 729 978 vtreru‘trices
752 923 778 979 in
802 940 885 996 regno
935 927 982 999 qui
998 928 1074 984 missi
1088 941 1193 990 sumut
1211 934 1311 990 fruetus
1332 936 1503 1008 perciperent
1519 937 1628 1014 (ill),
1643 943 1736 1000 varius

79 1021 161 1066 crunt
175 1011 280 1080 priores
291 1008 375 1084 (fild.
390 1010 431 1084 ὅ),
443 1011 504 1084 quia
515 1011 611 1069 loarrui
626 1013 802 1082 crediderint,
815 1029 842 1074 et
856 1019 883 1074 in
935 1027 964 1073 et
974 1033 1047 1090 sape
1062 1024 1193 1092 repetitus
1204 1039 1366 1098 progressus
1384 1037 1427 1084 est
1439 1030 1643 1101 prophetarum.
1659 1034 1734 1091 Missi

78 1102 270 1160 remissionem
291 1112 464 1176 peccalorum
485 1105 613 1176 baptizati
635 1105 675 1181 (a)
696 1108 722 1164 in
735 1108 883 1167 adventum
934 1119 1026 1168 autem
1039 1129 1146 1172 rursum
1162 1115 1252 1188 plures
1272 1120 1406 1192 prioribus
1420 1123 1430 1194 (
1440 1123 1457 1194 l
1469 1121 1527 1197 56),
1544 1132 1649 1198 tempus
1665 1127 1733 1184 illud

56 1203 61 1216 ·
81 1197 186 1252 Christi
207 1195 326 1254 ootvfessi
341 1198 406 1262 siat,
423 1200 593 1256 curationum
606 1215 689 1271 opera
703 1201 882 1270 laudaverim,
934 1212 987 1270 est,
1007 1219 1062 1274 quo
1084 1218 1145 1276 post
1160 1207 1327 1280 sivtgulornm
1350 1212 1582 1285 praedicationem,
1601 1217 1735 1290 plurimus
1796 1251 1805 1274 ι

78 1301 283 1349 sacramentum
307 1293 442 1364 passionis
460 1294 626 1366 acceperint,
640 1295 766 1352 virtutem
790 1312 883 1354 resur·
933 1293 962 1350 in
985 1311 1068 1351 uttttttt
1092 1297 1309 1370 fioihfilffl'liufss
1330 1319 1458 1362 numerus
1474 1308 1591 1364 emilius
1612 1318 1672 1377 est;
1688 1311 1734 1382 ‘1¹¹⁵

76 1383 209 1442 rectionis
224 1384 394 1456 satiaverint.
409 1384 549 1457 Principes
562 1397 652 1444 autem
666 1389 840 1446 sacerdotum
855 1400 883 1446 et
933 1389 1017 1446 variis
1032 1392 1198 1462 temporibus
1210 1395 1344 1453 verberati
1359 1407 1386 1454 et
1400 1399 1509 1472 lapidati
1523 1411 1551 1457 et
1561 1402 1645 1459 occisi
1655 1412 1731 1472 sunt,

79 1479 209 1538 Pfrarisael
223 1478 347 1537 videntes
358 1479 416 1538 haec
430 1481 479 1556 (i),
495 1491 523 1540 et
533 1491 751 1555 contemnentes,
764 1487 810 1557 uui
822 1489 882 1557 fus·
932 1480 1037 1540 fructus
1052 1485 1183 1541 institutae
1194 1487 1279 1558 plebis
1294 1490 1451 1564 edoctaque
1461 1504 1625 1565 repetentes.
1637 1496 1666 1554 lu
1676 1498 1733 1556 lilio

78 1573 174 1630 tiftcati
187 1571 328 1644 perfidem
341 1585 493 1642 nouerant,
509 1591 559 1632 ιιεε
573 1592 621 1647 per
633 1579 820 1649 poettitcutiam
836 1596 882 1637 tc·
933 1590 999 1631 few
1019 1575 1052 1632 εὖ
1074 1578 1196 1635 ”Ulmum
1220 1582 1303 1638 Πῑῑῧθθ
1317 1581 1354 1656 (Ῡ
1368 1581 1440 1658 57),
1463 1586 1570 1644 ὓθῐΰῑῐὶὶ
1593 1593 1678 1648 ¹¹⁰Siil
1702 1600 1731 1648 fi

80 1669 167 1742 gressi
189 1668 306 1725 suntad
327 1667 441 1725 salutem
457 1687 463 1724 :
479 1679 560 1742 atque
582 1671 643 1727 ideo
664 1673 691 1728 in
714 1684 874 1746 perpetuum
932 1670 1065 1728 adtentus
1086 1682 1114 1729 ει
1135 1673 1225 1746 passio
1243 1685 1285 1732 est
1301 1695 1308 1730 :
1326 1677 1372 1750 qui
1393 1690 1467 1736 extra
1486 1681 1647 1753 Jerusalem,
1665 1696 1732 1742 tam·

79 1762 184 1818 fructus
198 1775 293 1818 eorum
308 1763 360 1818 snln
377 1762 568 1821 maledictione
581 1779 631 1834 ea,
645 1781 707 1838 queo
727 1767 754 1822 in
773 1769 882 1826 arbore
932 1779 1013 1836 otram
1033 1773 1109 1821 extra
1125 1766 1248 1834 vineam,
1264 1767 1290 1824 in
1308 1772 1469 1829 sententiam
1488 1776 1668 1834 damnationis
1681 1779 1732 1835 aft-

76 1855 132 1912 fieu
146 1855 380 1927 praeformabatur,
394 1859 504 1914 arescit.
634 1872 636 1875 ·
892 1855 917 1918 Β
926 1855 1017 1928 iectus
1032 1865 1082 1914 εει.
1098 1855 1247 1914 Consilium
1269 1877 1335 1919 vero
1347 1864 1504 1922 colonorum
1522 1877 1549 1924 ει
1563 1867 1732 1928 haereditatis

366 1991 482 2051 CAPUT
500 1993 585 2052 xm
927 1952 1019 2006 occiso
1043 1950 1152 2010 lmrede
1170 1955 1346 2025 presumptio
1363 1955 1400 2030 (ε
1416 1959 1474 2032 53),
1496 1976 1558 2033 spes
1577 1963 1665 2022 impp,
1686 1973 1728 2022 ,32

153 2106 188 2121 Η
234 2107 240 2120 ,
337 2104 343 2117 ,
392 2107 398 2118 ,
927 2044 1042 2116 gloriam
1072 2045 1150 2118 logis,
1178 2056 1318 2118 perempto
1343 2047 1468 2118 Christo,
1496 2068 1577 2125 posse
1603 2057 1726 2114 retineri.

72 2105 116 2162 tte
134 2106 287 2162 mrrrtomim
299 2121 343 2177 εει
362 2122 454 2161 nrtstos
467 2106 502 2160 ad
518 2123 546 2162 se
562 2105 593 2161 ol
612 2107 763 2180 repetendos
776 2108 876 2179 fractus
925 2136 955 2194 ΙΙ,
969 2137 1004 2213 (Β)
1027 2137 1227 2210 patrisfamffias
1252 2141 1340 2199 ,edim
1354 2143 1391 2217 (ἲ
1401 2143 1469 2216 40),
1492 2155 1614 2220 ,empore
1631 2149 1726 2220 iudicii

109 2199 288 2304 ietterfidvul,
312 2197 344 2253 ‘¹⁶
363 2199 477 2255 filistiim
497 2201 649 2269 W⁰⁰²³³⁶¹¹f⁸
671 2211 695 2257 θ’
718 2210 785 2257 ''⁶⁸“
805 2218 875 2274 ΜΡ·
927 2235 1074 2307 gloriaest
1095 2236 1121 2291 in
1143 2235 1213 2294 Filio
1233 2245 1353 2309 paterne
1372 2243 1520 2311 rtvafestatis
1540 2242 1682 2302 assistens.
1698 2245 1729 2302 ln

109 2293 178 2348 tralt.
926 2327 1108 2399 responsione
1126 2337 1215 2385 autem
1232 2329 1352 2400 ipsorum
1366 2332 1518 2402 principum
1533 2343 1560 2390 et
1580 2335 1730 2407 pharisaeo-

109 2409 136 2462 f.
151 2405 347 2480 Paterfamilias
375 2407 456 2464 Deris.
475 2407 572 2476 Vinea,
589 2407 728 2466 Israelita.
748 2403 875 2466 Tuscula·
926 2437 998 2488 pum,
1016 2421 1137 2480 redditur
1149 2422 1257 2494 dignius
1274 2424 1405 2494 apostolis
1419 2425 1485 2497 legis
1501 2425 1656 2485 tveredttas.
1673 2427 1728 2490 Sod

72 2503 128 2570 riu,
142 2503 283 2575 propinate.
298 2532 333 2544 -
347 2497 433 2558 Atium
447 2502 597 2574 parobolam
607 2499 704 2561 nuilite.
719 2503 806 2562 llomo
818 2516 873 2562 erat
925 2510 971 2570 ltic
986 2513 1058 2569 filius
1073 2513 1142 2586 lapis
1154 2523 1196 2570 est
1209 2515 1243 2570 al)
1255 2515 1452 2573 aedificantibus
1467 2517 1646 2588 improbatus,
1660 2531 1687 2578 et
1700 2523 1728 2580 in

69 2595 262 2669 vaierlssmt'll'ffl
276 2637 285 2662 ι
301 2606 325 2652 et
339 2596 463 2669 titillavit
476 2598 592 2664 vittam,
609 2607 634 2652 et
654 2615 740 2668 utem
757 2601 870 2654 circvm-
923 2606 1061 2679 fastigium
1076 2605 1214 2679 augularis
1227 2612 1345 2674 erectus,
1357 2617 1385 2664 ει
1399 2607 1425 2664 in
1439 2609 1525 2668 oculis
1538 2613 1660 2668 omnium
1676 2615 1729 2669 ml·

67 2688 143 2742 aedit
155 2689 189 2753 et,
202 2697 225 2742 ef
238 2689 305 2753 totto
319 2690 346 2745 tn
358 2689 558 2756 intercutanea
572 2698 667 2745 tamem
678 2692 827 2762 elstram,
843 2704 871 2750 et
924 2699 1028 2765 rauftts,
1046 2710 1074 2756 ει
1094 2701 1264 2772 inverterem
1280 2709 1362 2771 atque
1376 2707 1472 2773 pentes
1484 2701 1578 2758 fateris
1591 2713 1619 2760 ει
1641 2704 1728 2762 adit-

66 2782 175 2853 rettrpva
190 2780 274 2856 (titt.
294 2781 352 2856 55).
373 2783 494 2852 Qtrustto
511 2783 601 2841 omnis
621 2784 648 2840 in
671 2784 799 2842 absoluto
817 2795 870 2842 est.
924 2793 961 2852 cti
974 2795 1117 2867 utriusque
1131 2793 1295 2865 conjunctio,
1595 2781 1601 2794 ⁸

66 2876 137 2934 Nam
152 2877 235 2933 etiam
250 2876 302 2949 ipsi
316 2877 453 2946 principes
466 2877 640 2934 sacerdotum
653 2888 682 2934 ει
696 2877 825 2936 Pltarisei
837 2879 872 2936 de
962 2871 989 2943 3.
1007 2886 1117 2958 Nuptiae
1129 2886 1192 2958 pald
1209 2903 1309 2944 :caru
1326 2885 1407 2943 Patre
1420 2891 1508 2960 fucta.
1524 2918 1560 2930 -
1576 2888 1670 2946 Simile
1689 2901 1727 2948 est

66 2985 100 3028 se
114 2969 167 3026 dici
187 2969 247 3027 lttec
264 2971 457 3043 intelligentes,
479 2970 506 3026 in
519 2970 587 3027 itam
607 2971 716 3028 accensi
728 2981 801 3028 suut.
816 2973 870 3031 sed
926 2995 1036 3052 reanum
1050 2979 1175 3036 coeiornnt
1194 2979 1292 3034 frumini
1311 2980 1382 3052 sepi,
1402 2985 1447 3052 εει
1467 2979 1527 3050 {ecte
1547 2981 1650 3054 nuptias
1669 2983 1726 3054 filio

66 3079 250 3138 personarum
264 3065 425 3137 proprietas,
439 3076 467 3122 ει
481 3080 573 3122 rerum
583 3067 798 3137 comparationes
807 3078 872 3124 sum
921 3089 987 3140 sao,
1015 3079 1039 3127 et
1061 3072 1130 3127 misit
1153 3087 1239 3127 seruos
1260 3088 1320 3127 suos
1346 3088 1436 3129 uocare
1459 3073 1580 3130 inuitatos
1601 3076 1636 3128 ael
1659 3093 1727 3146 nup·

64 3159 252 3232 proferende.
281 3158 505 3217 Patrcmfamiiias
520 3159 564 3216 ltic
578 3168 681 3232 patrem
693 3162 777 3218 ficum
790 3162 869 3218 intel·
920 3165 983 3230 tias,
1000 3172 1053 3220 etc.
1071 3162 1180 3237 (ffattfr.
1196 3179 1264 3231 xxtt,
1277 3163 1319 3234 2).
1335 3163 1370 3219 Et
1391 3163 1450 3220 ltaec
1467 3162 1575 3237 quidem
1591 3167 1724 3238 parabola

62 3255 198 3326 ligimus,
211 3256 256 3327 qui
270 3255 398 3326 pupulum
411 3254 496 3312 lsrael
507 3256 533 3312 in
546 3265 693 3326 proventus
703 3257 867 3326 optimorum
880 3243 904 3308 C
920 3256 1107 3329 distinguenda
1118 3256 1285 3326 temporibus
1291 3267 1342 3324 est,
1351 3265 1379 3314 ει
1392 3257 1574 3329 dignoscenda
1586 3261 1723 3330 personis.

62 3349 206 3406 fructuum
221 3348 396 3419 plantaverit,
410 3349 511 3420 quique
527 3364 576 3406 oos
595 3350 809 3408 sanctificatione
821 3366 869 3423 pa-
923 3348 957 3405 tte
970 3347 1006 3404 de
1021 3361 1135 3418 persona
1151 3347 1223 3418 rugis
1238 3355 1264 3404 et
1275 3345 1322 3402 fflii
1336 3347 1460 3404 absoluta
1474 3347 1652 3422 intelligentia
1667 3358 1722 3407 est.

64 3443 144 3500 terni
157 3443 284 3511 nominis,
305 3443 333 3500 id
353 3452 411 3513 est,
427 3444 569 3502 nobilitate
580 3445 696 3502 Abrahae
712 3456 739 3503 ot
752 3444 827 3502 lsaac
841 3454 869 3502 ει
923 3439 1034 3497 Fecisse
1049 3450 1138 3497 autem
1153 3447 1257 3512 patrem
1278 3438 1387 3510 nuptias
1402 3439 1469 3509 filio,
1485 3442 1565 3498 etsie
1579 3441 1721 3515 invitasse,

66 3535 159 3594 Jacob
174 3536 244 3592 intra
258 3536 326 3594 fleres
337 3552 413 3606 auos,
426 3547 560 3610 tamquam
573 3547 653 3611 septo
666 3539 760 3610 aliquo
774 3549 867 3596 custo·
922 3549 991 3593 nota
1006 3535 1077 3592 ratio
1092 3543 1143 3591 est.
1160 3532 1226 3590 Nam
1248 3533 1357 3603 nuptias
1380 3531 1488 3600 lacere,
1507 3545 1534 3591 ει
1555 3536 1675 3594 auctoris
1695 3547 1725 3594 ct

63 3631 124 3687 diae
134 3629 288 3701 peculiaris,
301 3629 868 3704 incluserit;proplvetasqvvoquequredum
923 3627 1055 3702 temporis
1079 3637 1121 3685 εει
1145 3628 1310 3700 nuptiarum.
1326 3625 1426 3684 Verum
1451 3625 1496 3684 hic
1518 3630 1633 3702 nuptia,
1658 3631 1723 3688 vitas

65 3721 870 3798 quasitorculariaaptaverit,iuquosfc)mustfmodoque·
920 3721 1040 3778 coelestis
1066 3727 1092 3777 ct
1120 3717 1147 3774 iu
1174 3719 1375 3778 resurrectione
1400 3719 1581 3794 suscipiendae
1608 3735 1720 3782 aeternae

63 3816 134 3873 dam
148 3815 258 3872 ubertas
267 3818 354 3872 sancti
365 3815 481 3885 Spiritus
493 3816 621 3877 ferventis
631 3814 714 3891 770
724 3817 866 3874 influeret:
920 3815 1017 3886 storia
1034 3822 1233 3871 saemmemum
1248 3819 1300 3869 est.
1317 3812 1413 3870 lfcrito
1432 3815 1514 3886 igitur
1533 3829 1548 3871 a
1565 3814 1644 3874 Patro
1657 3829 1723 3876 sunt

63 3908 97 3966 in
114 3906 181 3964 turri
196 3917 287 3965 autem
302 3908 476 3966 eminentiam
495 3908 561 3981 legis
573 3910 754 3978 exstruxerit,
770 3925 831 3980 qum
842 3921 870 3966 ει
921 3909 1018 3975 factae;
1035 3909 1097 3979 quia
1117 3907 1275 3964 aeternitatis
1290 3908 1370 3979 lustjus
1384 3909 1517 3978 societas,
1532 3919 1561 3966 et
1583 3913 1645 3970 novi
1659 3928 1722 3970 cor·

61 4001 95 4058 in
123 3999 224 4058 coelum
246 3997 281 4059 ει
302 4001 363 4059 solo
381 4015 491 4074 egressa
511 3999 689 4072 proveheret,
711 4012 740 4058 ct
760 4017 793 4058 ev
815 4017 868 4074 qua
921 4001 995 4074 poris
1011 4000 1047 4074 (f)
1063 3999 1198 4072 desponsa
1213 3999 1380 4070 conjunctio,
1394 4003 1449 4072 jam
1466 4001 1585 4074 perfecta
1600 4002 1720 4062 namta-

59 4159 295 4230 molestantem
317 4156 370 4215 stou
383 4159 541 4214 erudierunt?
559 4157 693 4226 erornotla
712 4167 799 4213 autem
816 4175 865 4214 au·
917 4167 966 4224 est,
978 4157 1051 4212 ineis
1063 4165 1147 4213 aetem
1158 4156 1203 4230 qui
1218 4173 1268 4212 ιιειι
1284 4165 1431 4230 potnerunt,
1452 4160 1646 4232 poenapeccati.
1662 4161 1718 4219 Aut

59 4235 139 4289 diem
154 4233 210 4287 siste
227 4229 403 4305 praedicante?
422 4245 476 4288 etc.
499 4231 538 4286 lla
559 4231 609 4286 trae
633 4231 678 4284 liei
697 4230 867 4287 ordinatiane
917 4241 992 4285 certe
1006 4229 1123 4285 Hilarius
1134 4241 1247 4286 eatenus
1267 4228 1311 4284 ftic
1327 4238 1422 4300 gentos
1436 4241 1568 4298 ctcttsat,
1582 4242 1717 4302 quatenus

59 4303 772 4378 proficiscituriflarputemmmemoraturneaessitatis
781 4318 866 4368 mora,
918 4299 1018 4358 loanni
1039 4300 1096 4371 jam
1115 4299 1288 4367 credideriut,
1313 4314 1341 4356 et
1363 4300 1396 4355 ad
1421 4299 1585 4358 credendum
1609 4302 1719 4362 Christo

57 4391 117 4432 seu
132 4375 278 4432 necessitas
294 4390 377 4430 tvrorte
389 4377 422 4428 ad
438 4373 612 4430 credendum.
631 4373 668 4427 Ea
683 4373 755 4428 eninr
770 4388 866 4430 vocum
918 4373 1089 4443 professione
1101 4381 1129 4430 et
1141 4371 1222 4428 antimi
1237 4372 1417 4442 propensione
1432 4383 1531 4444 paratae
1544 4375 1609 4431 sint.

58 4445 189 4503 inversio
205 4446 305 4502 ilifariu
319 4445 397 4501 valde
408 4453 450 4500 est
461 4444 610 4500 familiaris.
623 4443 675 4499 Sed
690 4453 717 4499 ει
731 4460 792 4499 cum
805 4445 844 4500 ait
859 4462 866 4500 a
955 4441 994 4519 (a)
1011 4446 1063 4500 Set
1083 4459 1148 4501 mss.
1165 4445 1193 4498 ia
1205 4443 1324 4498 alamur.
1341 4443 1425 4513 lingis
1440 4443 1558 4514 placeret
1579 4446 1715 4508 adnemam

58 4519 103 4574 fn
118 4518 181 4588 [acti
194 4527 247 4571 mat
267 4517 415 4590 difficaltate
427 4534 460 4571 ne
477 4519 567 4582 fierem
580 4523 683 4571 tamum
698 4516 799 4572 indicat
813 4516 869 4572 fac·
919 4515 980 4572 sine
995 4517 1185 4587 prepositioue
1206 4517 1243 4568 fn.
1265 4513 1497 4570 Commemtautur
1516 4528 1623 4588 gentes,
1644 4521 1717 4589 quud

59 4599 126 4645 tum
154 4587 274 4656 difficile,
300 4605 352 4644 non
380 4589 451 4660 tpvrod
476 4590 587 4643 ontnino
611 4588 669 4644 ficri
693 4601 747 4644 uon
772 4589 867 4658 possit.
880 4607 908 4669 D
921 4597 982 4658 post
999 4587 1152 4658 passionem
1169 4585 1268 4642 Christi
1285 4585 1437 4656 predicatis
1456 4584 1554 4644 divinis
1566 4591 1715 4663 mysteriis,

57 4659 161 4728 Neque
175 4662 258 4716 etiam
272 4677 381 4716 ruoverc
394 4660 475 4717 deltet
489 4659 565 4732 illud,
580 4661 652 4728 quod
666 4661 725 4715 ltere
745 4660 867 4732 proxime
924 4657 1058 4730 Unigenlti
1072 4658 1118 4713 fici
1139 4656 1285 4713 adtentum
1305 4656 1470 4714 crediderint
1488 4669 1570 4732 atquo
1585 4661 1718 4720 confessae

58 4730 219 4806 praecedit:
238 4731 288 4788 fies
302 4742 375 4788 crtra
386 4733 488 4805 culpam
508 4730 678 4800 infidelitatis.
695 4731 751 4787 ifac
767 4735 868 4802 quippe
920 4731 985 4796 sint,
1003 4729 1131 4785 miracula
1149 4727 1327 4794 laudaverint,
1342 4737 1394 4785 etc.

59 4801 203 4860 sententia
213 4811 317 4874 εειιιεε,
330 4819 390 4872 uuae
402 4802 500 4860 Christi
516 4805 595 4860 fidem
607 4802 726 4860 nondum
738 4804 867 4874 professae
958 4799 996 4875 (i)
1028 4801 1112 4868 Puta,
1143 4802 1270 4856 virtutem
1296 4801 1520 4870 resurrectionis,
1544 4804 1715 4860 curationum

58 4883 157 4941 crant,
174 4891 227 4930 avan
241 4883 353 4932 excusat
366 4876 402 4932 ah
414 4878 488 4933 omni
499 4876 590 4945 culpa,
603 4874 652 4930 aed
664 4890 679 4929 a
692 4874 771 4943 culpa
785 4875 864 4930 duru-
918 4886 1010 4940 opera.
1027 4871 1096 4928 Tum
1117 4873 1143 4926 in
1159 4888 1225 4926 mss.
1241 4871 1333 4939 Rom,
1348 4871 1426 4929 cotti.
1446 4884 1475 4930 ει
1495 4873 1590 4942 carm,
1603 4885 1629 4931 et
1648 4891 1732 4929 cote·-

60 4957 141 5002 taxat
163 4946 335 5017 infidelitatis,
354 4962 386 5002 ea
405 4949 548 5014 ariminum,
562 4946 607 5002 cui
627 4946 752 5004 Christus
767 4946 864 5002 asserit
917 4943 1077 5011 plasmantes,
1091 4944 1136 5015 qai
1145 4943 1284 5019 justificati
1298 4959 1350 5000 non
1363 4953 1446 5002 eraut.
1458 4945 1715 5004 omissisrocaltulis

59 5018 181 5074 minime
195 5019 327 5074 ofrnoxios
340 5018 443 5075 fututros
463 5017 546 5074 fuisse
559 5017 679 5082 ludaeos,
693 5020 716 5073 si
734 5017 793 5087 ipse
807 5031 861 5072 uon
916 5032 962 5087 per
973 5016 1061 5086 fidem.

60 5092 202 5146 vertisset.
218 5089 281 5145 filas
299 5090 355 5144 vult
376 5091 431 5144 sine
445 5091 551 5144 crimine
569 5089 717 5156 uoluntatis,
736 5089 788 5145 froc
807 5097 860 5156 εει,
951 5085 987 5158 (ε)
1008 5087 1037 5142 lu
1059 5100 1110 5143 ms.
1131 5085 1224 5156 Rom,
1243 5085 1405 5144 multimodo.
1427 5087 1456 5144 ln
1481 5085 1559 5144 cetu.
1576 5095 1605 5144 et
1618 5087 1712 5160 carn,

58 5164 124 5234 ejus
141 5161 298 5226 voluntatis,
312 5160 535 5231 compraedicata
549 5161 601 5217 sibi
615 5160 677 5216 ltdei
691 5160 864 5230 pertinaciter
914 5159 1074 5214 multimode.

57 5231 183 5291 resistit.
201 5231 257 5288 lfoc
269 5232 341 5287 enim
354 5231 423 5302 apud
435 5231 565 5287 flilarium
579 5241 657 5288 sonat
666 5234 762 5285 crimea
771 5232 864 5287 uolan-
964 5232 981 5284 tl
1007 5230 1074 5286 llaie
1088 5229 1159 5300 apud
1173 5229 1236 5286 Par.
1253 5230 1391 5302 prondma.

58 5309 138 5372 tatis,
159 5305 324 5359 rufumatem
344 5302 370 5357 in
389 5303 462 5356 malo
476 5303 650 5371 obstinatam,
668 5312 695 5357 et
712 5317 772 5372 que
787 5317 864 5358 com·
965 5317 978 5355 e
1006 5301 1069 5357 ffss.
1088 5301 1132 5356 nte
1144 5316 1243 5373 magno
1255 5317 1402 5369 consensu,
1416 5301 1617 5373 patrisfamilias.

57 5385 154 5450 pertas
166 5374 274 5430 vertum
288 5388 456 5445 nequaquam
468 5375 551 5430 cedit.
563 5373 669 5430 laverit
684 5373 742 5429 haec
760 5373 865 5444 Augus·
966 5376 990 5446 f)
1004 5372 1093 5428 tzdttfo
1106 5371 1168 5428 Par.
1183 5389 1243 5430 cum
1257 5375 1359 5442 alirpuot
1372 5384 1451 5438 mss..
1463 5372 1626 5446 desponsata.
1638 5373 1714 5430 Prte-

59 5450 115 5504 tini
131 5445 224 5504 verbis
239 5446 377 5501 illustrare.
390 5453 418 5498 et
429 5443 600 5499 contentane.
613 5445 659 5501 Sic
672 5455 763 5501 antem
785 5443 866 5501 habet
918 5443 1031 5502 ierimus
1043 5443 1171 5514 desponsa
1183 5457 1244 5500 cum
1258 5445 1318 5501 aliis
1335 5443 1400 5500 edit.
1420 5451 1448 5497 ει
1462 5458 1529 5498 mss.
1543 5442 1581 5500 lta
1596 5447 1623 5501 in
1639 5445 1711 5502 Psal.

58 5521 148 5590 epist.
165 5532 275 5583 cxcxtv,
299 5531 326 5570 n.
345 5513 403 5569 2¹1:
420 5513 568 5569 Secundam
587 5517 655 5570 franc
675 5517 864 5570 eneaeutiouem
918 5529 1039 5580 cxxvvrt,
1056 5531 1083 5569 n.
1097 5514 1124 5579 8,
1142 5515 1288 5572 Christum
1301 5516 1362 5572 ideo
1379 5527 1507 5584 sponsum
1527 5517 1711 5586 cognominari

58 5589 257 5646 irtexcmoiiles
267 5587 329 5642 dicit
339 5585 476 5653 Scriptura
487 5584 749 5657 dininaaaoeemnquc
759 5589 866 5642 seientes
916 5595 1069 5652 enarratur,
1083 5587 1143 5658 quia
1160 5585 1279 5644 Ecclesia
1293 5587 1317 5641 ei
1328 5601 1376 5655 per
1390 5585 1602 5654 assumptionem
1616 5601 1713 5656 corpo·

59 5677 177 5732 peccare
189 5658 326 5715 conuinelt.
340 5655 388 5710 Dei
403 5668 486 5710 tamen
497 5657 597 5728 justam
609 5657 741 5729 judicium
753 5674 798 5712 ιιεε
813 5658 866 5713 illis
917 5661 956 5715 ris
968 5658 1054 5714 nvvstri
1072 5657 1198 5728 tlerptuma
1216 5660 1258 5713 sit.
1274 5655 1344 5712 ‘firm
1359 5657 1385 5710 in
1405 5669 1471 5710 mss.
1486 5658 1562 5712 Collo.
1577 5667 1605 5714 et
1618 5659 1713 5726 carm,

60 5736 154 5806 parcit
166 5732 211 5801 pai
228 5744 281 5784 nou
295 5727 444 5809 audierant.
460 5725 619 5806 Quicumque
632 5729 686 5782 siae
701 5728 757 5799 leue
774 5745 863 5797 pecca·
916 5730 1115 5800 coniunctione,
1130 5744 1183 5783 ιιειι
1199 5727 1356 5852 raynardo.
1372 5726 1475 5808 Exinde
1488 5729 1617 5800 praedicta
1629 5729 1713 5785 editio

60 5804 239 5888 carantomo
253 5800 308 5881 leae
319 5798 471 5870 peruium...
486 5812 547 5878 εειιι
558 5809 583 5852 ει
598 5800 655 5924 εἶρε
671 5800 820 5882 Ιιἐιιειιιειίε
838 5801 866 5856 iu
917 5802 988 5866 sola,
997 5802 1055 5872 jam
1073 5803 1186 5882 perfectu
1200 5799 1317 5880 daretur.
1332 5797 1390 5853 Non
1403 5798 1711 5886 dtsplicercttltaftetrtar,

61 5893 113 5940 ets,
132 5889 177 5948 εει
189 5867 489 5938 tutelltpereuolttertmt,
502 5883 556 5922 stae
568 5871 602 5924 du
620 5878 866 5941 rtatwnepeeeatam
918 5872 941 5929 sl
960 5884 1022 5928 curn
1045 5878 1205 5927 auotvrrttatc
1227 5869 1330 5926 luceret.
1352 5870 1518 5940 Quamquam
1535 5881 1618 5928 ettam
1642 5871 1711 5930 ttrita
