4042 6342
114 302 176 358 trs
649 283 859 347 TRACTATUS
879 279 912 340 tlt
931 279 1037 340 txvttt
1058 276 1230 337 Psatttbtt.
1717 271 1771 330 lii

115 415 210 486 ipsius
231 413 428 488 propinquitate
449 409 632 475 consentiunt,
653 405 700 462 sed
716 402 753 476 (a)
768 403 873 475 potiare
895 398 922 455 ri
936 401 964 464 Α
977 396 1081 452 locutus
1103 403 1164 452 est:
1179 395 1218 469 (p)
1232 410 1348 466 narrrqne
1361 393 1406 466 qui
1420 409 1449 448 se
1463 407 1560 450 sontno
1580 401 1608 448 et
1620 390 1771 447 lassitudini

114 517 262 582 tamquam
277 507 378 564 conlisa
396 503 551 562 sociantur:
578 512 642 558 tutte
663 509 691 558 et
716 497 769 568 peu
791 495 874 569 erepit
893 500 920 550 et
971 503 1046 560 sape
1064 488 1245 554 commiserit,
1263 487 1345 544 etiarn
1358 501 1444 556 usque
1456 485 1490 542 ad
1505 485 1564 542 sitis
1577 495 1606 540 et
1615 482 1772 540 esuritionis

116 605 190 658 rnori
208 617 308 674 posse,
323 615 371 672 per
384 613 508 656 occasum
527 595 623 654 mortis
640 593 667 650 in
687 593 791 648 interna
804 589 918 646 descen·
971 583 1170 640 necessitatem.
1183 580 1286 638 Fauces
1295 583 1385 653 itaque
1395 580 1453 652 ejus
1463 595 1552 637 raucae
1562 587 1636 645 suut,
1648 577 1772 648 oculique

114 695 198 751 qens,
971 675 1080 732 delecti.
1095 673 1211 732 Causam
1224 691 1290 733 reru
1301 677 1411 733 anaximi
1427 677 1554 732 clamoris
1569 685 1598 734 et
1612 674 1771 732 intentionis

152 786 181 843 5.
212 785 306 842 Hortis
327 785 423 842 Citristi
446 782 587 857 prophetia.
613 779 705 836 dlartis
724 777 807 834 sedem
828 777 919 848 quibas
970 770 1111 826 oetrlorum
1125 770 1195 828 banc
1208 771 1394 838 essedocuit,
1418 773 1479 844 quia
1497 778 1620 841 speraret
1631 769 1657 825 in
1675 770 1769 836 bertar,

113 881 200 940 perp,
216 879 342 952 aprima}
357 879 506 951 Serapim,
527 906 563 919 ...
585 876 714 948 Sequitur
735 876 827 930 apim:
858 872 920 928 vnn
970 863 1013 920 rel
1027 880 1088 920 cum
1105 864 1204 920 elamat
1217 865 1330 921 dicens:
1349 864 1400 932 Qui
1413 866 1494 922 credit
1506 866 1534 920 in
1548 880 1608 936 qis,
1627 879 1678 918 aaa
1691 863 1718 918 ia
1730 877 1772 917 me

113 978 143 1032 ia
156 973 446 1040 altitudineutmatis,ct
457 979 592 1042 tempestas
603 969 722 1024 densant
733 983 782 1022 rae.
796 966 919 1022 inritator
969 962 1068 1026 credit,
1091 961 1136 1015 aeti
1157 961 1184 1014 ia
1198 978 1257 1016 eunt
1268 964 1311 1034 qai
1324 979 1364 1016 are
1378 963 1446 1018 misit
1460 962 1552 1036 (laea.
1567 978 1615 1029 ιιι,
1630 959 1676 1034 Η)
1694 977 1702 1016 z
1727 959 1770 1016 tel

115 1070 162 1126 ille
175 1076 204 1125 et
219 1068 361 1125 dominicae
376 1067 471 1123 rnottis
480 1073 508 1122 et
519 1063 648 1135 temporis
659 1060 753 1128 latras,
766 1059 833 1116 mari
847 1073 919 1114 mer·
969 1068 1031 1110 cnm
1044 1055 1209 1112 clamaturus
1223 1055 1353 1112 Lazarum
1369 1071 1436 1114 roee
1450 1073 1565 1128 triagna,
1581 1056 1696 1113 elevatis
1710 1070 1771 1111 sut-

114 1179 165 1220 sus
182 1173 299 1232 cetoqoe
313 1170 473 1232 susceptus,
493 1173 547 1214 noa
562 1168 615 1212 tam
629 1155 655 1210 in
672 1153 739 1209 atari
753 1167 783 1210 se
797 1166 876 1224 quarn
891 1150 917 1206 iu
969 1151 1134 1217 suntoculis,
1148 1151 1200 1205 ait:
1217 1147 1307 1218 Pater,
1318 1151 1415 1222 pratita
1426 1150 1528 1223 tibiapa
1541 1153 1664 1218 quoniam
1675 1146 1771 1203 audisti

115 1256 227 1314 inferno
241 1257 357 1330 positum
372 1265 502 1311 testatur:
518 1250 634 1308 clamavi
644 1249 670 1304 in
686 1263 804 1321 pressura
816 1261 871 1300 ntea
884 1245 918 1300 ati
969 1257 1009 1298 me
1025 1241 1107 1316 (idid.
1124 1259 1164 1310 ιι,
1179 1241 1237 1316 ll).

114 1351 201 1408 Denta
216 1367 310 1418 aream,
324 1359 349 1407 et
362 1348 490 1406 exaudivit
501 1347 532 1402 tle
547 1354 631 1401 uentre
642 1341 918 1416 inferarumclaatores
1004 1339 1032 1394 'l.
1048 1337 1196 1395 odientium
1220 1354 1342 1393 nutrimus
1365 1355 1413 1394 car
1434 1341 1524 1412 supra
1540 1338 1658 1410 capillos.
1684 1335 1770 1406 Queat

113 1460 188 1499 meos
201 1442 289 1518 (dona
301 1459 329 1508 n,
344 1442 384 1513 5).
404 1441 438 1496 Ει
451 1440 573 1512 quamtis
585 1453 647 1495 eum
663 1449 740 1492 cetus
752 1433 785 1490 ad
799 1433 916 1507 speeiem
968 1435 1050 1506 pratis
1066 1432 1186 1487 adnata.
1198 1461 1236 1472 —
1249 1433 1302 1487 Sed
1317 1431 1363 1487 illo
1384 1433 1425 1488 rel
1448 1433 1553 1503 paterni
1572 1431 1689 1488 nominis
1710 1445 1769 1486 ma·

112 1537 233 1596 inieram
247 1537 342 1594 mortis
355 1535 582 1604 transissemus:
599 1532 717 1589 Introivit
737 1541 813 1602 eaput
833 1545 916 1584 areum
968 1524 1153 1597 palaeensium
1169 1535 1294 1591 testante,
1312 1525 1353 1581 rel
1371 1527 1495 1582 intimante
1516 1527 1610 1582 salutis
1623 1540 1691 1597 oqrns
1710 1540 1770 1580 mo·

112 1634 143 1688 ia
168 1634 297 1688 scissuras
321 1627 603 1705 pettarttat,tleseeadi
616 1628 746 1682 interram
758 1625 834 1692 enias
854 1639 917 1679 seroe
968 1619 1060 1685 dicate,
1078 1619 1141 1674 odia
1164 1621 1190 1675 iu
1215 1635 1277 1675 catti
1294 1621 1507 1692 multiplicantur
1529 1621 1556 1676 iu
1577 1634 1694 1677 cassum.
1719 1619 1768 1676 Se·

114 1727 158 1800 (b)
182 1736 281 1782 tenaces
299 1735 322 1782 et
341 1735 455 1781 aeterua.
484 1725 584 1782 Sancto
611 1722 692 1778 etiam
711 1720 762 1777 lob
776 1729 836 1792 past
851 1716 916 1774 illtnl
967 1713 1156 1784 quiturcnitn,
1176 1711 1260 1770 Vens.
1289 1713 1330 1769 5:
1354 1713 1522 1784 llultiplieati
1545 1723 1605 1768 auat
1628 1731 1706 1785 super
1727 1729 1771 1768 ca-

115 1817 306 1874 unirersarnm
321 1816 475 1888 passionum
488 1813 711 1888 gloriosissimum
725 1811 836 1878 bellum,
853 1826 915 1867 eum
930 1805 1045 1876 Bpillas
1066 1805 1159 1878 capitis
1185 1807 1246 1874 atei,
1272 1808 1317 1877 qai
1329 1808 1438 1862 aderunt
1457 1823 1497 1862 tue
1507 1802 1601 1879 'qratia
1626 1803 1770 1863 Catonius-

114 1911 284 1983 tiigausjam
296 1919 370 1967 esset
383 1910 492 1983 eloquio
509 1908 603 1965 diuino
617 1907 782 1978 scientiaque
794 1916 915 1972 natura,
967 1911 1028 1958 rattt
1042 1903 1086 1974 qui
1108 1912 1294 1975 percoquuntur
1318 1918 1358 1956 tae
1382 1903 1480 1958 inimici
1507 1905 1557 1956 atei
1582 1902 1689 1977 injuste,
1712 1915 1772 1974 quta

112 2015 178 2078 past
199 2003 331 2060 eonlracti
353 2004 421 2059 iutra
444 2017 474 2058 se
492 1999 574 2058 maris
592 2012 701 2072 portas,
726 2001 916 2071 rugientesque
968 2011 1020 2050 non
1045 1996 1122 2068 rapui
1145 2005 1205 2050 tunc
1228 1995 1358 2051 exsoluere
1378 1994 1661 2068 repetebanlimnerus
1677 1995 1772 2052 odien-

113 2099 174 2169 eJus
194 2099 221 2153 in
244 2097 337 2152 matris
359 2111 416 2153 sua
440 2105 534 2152 uentre
555 2103 690 2162 errores,
720 2108 826 2150 rursum
851 2092 915 2164 quid
968 2089 1035 2146 tium
1049 2089 1246 2160 ultraeapillos
1270 2089 1367 2160 capitis
1391 2097 1435 2145 est
1457 2088 1595 2160 arultiplex
1619 2105 1626 2143 :
1655 2089 1713 2144 sire
1736 2088 1772 2145 ob

113 2191 197 2246 tetiam
220 2189 248 2245 ia
271 2189 337 2245 mari
362 2188 580 2262 signillcaretar,
611 2189 741 2244 llominus
764 2187 915 2255 revelarit,
970 2180 1114 2250 impiorum
1137 2181 1274 2252 copinsanr
1290 2181 1502 2250 multitudinem,
1518 2183 1576 2238 sive
1590 2181 1769 2252 quiaiudigni

116 2281 229 2340 tlicens:
249 2280 347 2338 Venisti
362 2292 446 2336 anteat
462 2280 739 2354 strpersaattaaltpssi,
755 2289 800 2334 ant
819 2279 917 2334 iares·
969 2275 1025 2330 siut
1050 2274 1097 2330 bet
1122 2289 1185 2330 eura
1218 2273 1302 2348 (uam
1336 2275 1526 2345 Apostolorum
1552 2275 1675 2348 capillos,
1710 2275 1772 2346 quia

116 2377 188 2448 tipiis
205 2376 285 2430 araris
298 2373 457 2430 arrtialasti?
478 2375 628 2446 aperituntur
640 2383 724 2428 autern
746 2373 790 2427 tibi
812 2388 866 2442 pra
885 2372 917 2426 ti·
968 2375 1043 2422 tanta
1058 2382 1152 2422 eorum
1169 2365 1224 2422 ileo
1250 2381 1314 2423 cura
1330 2376 1381 2431 est,
1406 2367 1508 2425 selinus
1531 2383 1593 2424 esse
1615 2379 1772 2424 natueratos

117 2483 189 2523 arare
205 2475 284 2532 postte
300 2467 387 2522 raartis
401 2463 477 2540 (lob.
490 2480 600 2534 assata,
616 2465 667 2532 td,
684 2463 738 2538 li),
756 2467 781 2520 in
797 2465 917 2536 turstiqiis
969 2458 1078 2534 [ilattb.
1091 2475 1121 2528 ι,
1136 2459 1208 2533 ibi),
1232 2460 1289 2516 sire
1314 2461 1375 2532 quin
1390 2461 1537 2516 itrstdeliuru
1554 2476 1683 2518 uumerus
1697 2461 1768 2517 ultra

120 2561 212 2632 utique
232 2560 331 2628 maris,
356 2567 492 2630 tamquam
514 2559 539 2614 in
562 2558 694 2628 profundo
717 2559 759 2614 tei
778 2557 918 2614 altitudine
969 2569 1112 2610 ttnrucrnm
1127 2555 1163 2610 sit
1177 2554 1308 2610 bdelium.
1320 2555 1387 2610 Nam
1402 2553 1559 2612 cumdecus
1573 2555 1670 2627 capitis
1683 2555 1711 2610 itt
1724 2571 1771 2611 ca·

122 2652 213 2720 maris,
228 2651 426 2723 portasmortis
439 2665 499 2707 csse
514 2651 680 2722 siqnilnans.
698 2650 765 2706 Nam
778 2667 839 2708 cunt
853 2666 917 2723 pra·
970 2651 1043 2722 pillis
1062 2652 1108 2717 sit,
1134 2659 1160 2704 et
1183 2650 1323 2716 Ecclesia,
1347 2667 1407 2722 qnae
1425 2667 1524 2723 carpus
1543 2662 1585 2708 est
1609 2653 1721 2722 diluisti,
1745 2654 1773 2709 in

122 2745 201 2801 lurida
216 2745 297 2802 maris
310 2745 436 2802 iuferiora
446 2744 501 2800 siut
517 2753 614 2810 terrte;
631 2759 742 2801 necesse
757 2754 797 2800 est
813 2745 838 2800 in
853 2760 916 2815 pru·
969 2745 1163 2817 Apostolorum
1185 2747 1283 2802 decore
1298 2747 1386 2801 omnis
1408 2760 1520 2804 ornatus
1539 2758 1591 2805 est.
1615 2749 1703 2821 Super
1721 2751 1774 2808 boe

117 2840 202 2895 londa
229 2839 331 2905 inuris,
351 2838 378 2895 td
400 2850 442 2896 est
464 2839 490 2894 ia
515 2836 687 2895 inferioribus
709 2837 801 2894 sedem
824 2839 919 2894 mortis
968 2840 1225 2912 eapitissuidecus,
1242 2842 1390 2898 odientium
1404 2852 1447 2900 est
1471 2842 1626 2900 multitudo.
1650 2845 1774 2903 Oderuut

115 2933 234 2990 ostendi.
277 2931 395 2989 Veniens
418 2947 484 3004 ergo
503 2931 528 2987 in
555 2931 607 2987 trae
631 2931 790 3003 protundum
815 2931 918 3002 maris,
969 2945 1137 2992 autemeam
1154 2938 1248 3008 pratis,
1263 2936 1290 2992 id
1305 2946 1357 3003 est,
1373 2952 1483 2993 eausam
1495 2937 1551 2993 odii
1565 2953 1618 2995 non
1630 2939 1771 2997 babentes.

114 3041 280 3102 tempestate
294 3031 436 3088 demersus
449 3041 512 3098 est,
533 3031 610 3104 cujus
625 3033 651 3088 in
665 3033 801 3088 anteriore
815 3031 919 3102 psaltno
970 3029 1004 3086 Et
1029 3029 1253 3086 convalescentes
1277 3031 1391 3099 iniurici,
1418 3031 1517 3100 injuste
1540 3043 1602 3088 satit
1628 3039 1773 3104 persecuti.

114 3128 153 3184 ita
170 3127 308 3194 meminit,
325 3126 435 3182 dicens:
454 3125 548 3182 Ollinia
562 3127 661 3182 caecian
672 3135 716 3182 tua
731 3137 754 3182 et
767 3128 863 3200 paetus
882 3127 920 3181 tui
969 3124 1028 3180 Nan
1043 3124 1115 3180 enirn
1139 3133 1278 3196 peceatum
1303 3133 1405 3197 mered,
1430 3141 1480 3182 acc
1502 3126 1595 3182 doltna
1617 3127 1772 3193 habuerat:

112 3241 195 3296 snper
209 3241 248 3279 m
263 3225 417 3280 transierunt
432 3222 518 3296 (Pani,
536 3239 597 3291 xpp,
618 3225 663 3296 3),
687 3223 740 3280 spa
760 3233 788 3278 nt
808 3223 866 3285 itte,
889 3207 953 3280 ntC
970 3227 997 3275 et
1010 3219 1071 3275 idco
1084 3235 1144 3290 quaa
1168 3235 1221 3274 non
1242 3229 1379 3291 rapuerat,
1401 3229 1463 3275 tnnc
1487 3219 1660 3292 repetebatur
1681 3222 1773 3277 casol-

112 3318 171 3374 dixi
185 3361 192 3382 ,
208 3317 351 3376 dontiuicre
367 3319 462 3376 mortis
478 3319 616 3386 imitator,
631 3333 710 3390 quem
731 3334 764 3374 ει
778 3318 918 3374 tenacibus
971 3326 1045 3368 rere.
1061 3309 1127 3366 Cum
1139 3311 1214 3366 enirn
1231 3309 1338 3367 debitor
1352 3313 1447 3367 martis
1459 3313 1615 3384 peccatique
1625 3327 1678 3368 non
1689 3323 1771 3380 esset,

113 3414 280 3486 aternisque
291 3423 370 3471 terrae
385 3413 677 3471 serisimrnauissinrus
690 3412 735 3469 ille
745 3413 828 3469 maris
838 3413 917 3470 istius
969 3411 1107 3475 tamqnam
1132 3405 1235 3474 battuli
1262 3414 1290 3460 ct
1312 3406 1408 3460 retortis
1431 3405 1538 3461 debitor
1563 3406 1715 3477 terrebatur,
1739 3407 1774 3462 ab

112 3514 193 3564 celus
207 3507 337 3572 etatnnit,
353 3506 423 3562 baad
438 3505 580 3562 dissimilia
594 3514 758 3576 conquestus
769 3515 832 3562 est:
856 3503 918 3560 θηε-
969 3496 1013 3552 his
1027 3497 1140 3564 willel,
1161 3500 1206 3569 (tul
1221 3497 1248 3552 ia
1264 3511 1297 3552 ⁰0
1311 3498 1413 3570 peccati
1427 3498 1513 3570 legem
1527 3513 1587 3569 qua
1602 3501 1627 3552 io
1643 3499 1773 3556 urertrbris

114 3615 160 3655 aas
174 3599 351 3670 susurrationes
363 3609 415 3654 tace
427 3608 452 3655 tt
467 3600 559 3672 piretus
573 3599 610 3653 tui
624 3614 702 3666 super
714 3614 754 3652 me
767 3595 803 3672 (a)
820 3597 916 3652 transi·
970 3590 1071 3647 uostris
1091 3601 1133 3646 est
1154 3591 1325 3647 exserebant.
1349 3591 1387 3648 lle
1403 3605 1513 3662 peccata
1525 3592 1596 3648 coint
1610 3591 1774 3647 condemna·

114 3692 178 3746 dant
202 3687 300 3764 (latta
313 3706 349 3756 ιι,
365 3688 418 3762 d).
443 3689 533 3761 Usque
551 3690 583 3744 ad
599 3689 695 3746 mortis
716 3690 793 3763 igitur
807 3691 918 3747 veniens
969 3685 1007 3740 rit
1021 3693 1160 3755 peceatum
1174 3689 1199 3740 ia
1215 3701 1298 3740 earne
1313 3685 1402 3758 (lietu
1418 3702 1479 3751 rttt,
1494 3688 1535 3764 5).

113 3784 302 3858 protundum,
321 3785 414 3840 ntortis
433 3784 519 3855 ipsios
534 3792 692 3854 tempestate
703 3783 843 3840 demersus
856 3791 917 3853 est,
1005 3780 1033 3838 8.
1052 3779 1174 3836 Stultitia
1192 3779 1288 3838 Clrristi
1300 3799 1376 3838 etna.
1393 3781 1482 3858 llrtjas
1493 3787 1591 3854 [ructas
1600 3785 1668 3859 justi
1681 3802 1769 3858 espec·

113 3881 388 3952 adversariarumque
402 3881 529 3935 uirtutum
545 3879 691 3950 depressus
706 3879 831 3951 procellis
846 3889 898 3935 est.
969 3877 1042 3932 tatia.
1054 3905 1091 3919 -
1104 3877 1133 3932 ln
1154 3892 1208 3949 qua
1223 3879 1286 3949 aquia
1302 3893 1426 3949 inoptata
1442 3877 1542 3934 dtvtrno
1563 3881 1703 3950 sapientie
1723 3897 1772 3936 ex·

150 3974 178 4030 6.
196 3971 293 4030 Claristi
307 3974 413 4029 clariter.
432 3971 533 4040 Quade
548 3989 636 4027 causo.
648 3971 751 4027 -Non
768 3979 859 4027 tamea
878 3967 918 4045 (a)
971 3971 1061 4042 plebat
1083 3973 1239 4039 eonsilium,
1267 3973 1410 4044 crucisque
1433 3987 1507 4028 tratas
1528 3972 1555 4028 in
1581 3973 1636 4027 beo
1661 3972 1773 4029 stultitia

114 4066 216 4123 tacitus
230 4081 324 4123 eorum
338 4108 345 4132 ‚
359 4067 403 4138 qui
423 4081 452 4122 se
468 4066 541 4137 ipsos
563 4063 673 4120 diabolo
688 4063 825 4136 prebituri
840 4073 918 4119 erant
972 4068 1099 4139 genitibus
1114 4067 1266 4132 ridebatur,
1279 4066 1506 4138 triaqaaqnciueo
1520 4067 1639 4123 caelestis
1650 4077 1775 4122 terrenas·

115 4163 192 4219 velut
214 4161 355 4218 ruinisterii
379 4177 454 4216 arrrta
477 4171 589 4233 peccato
611 4159 734 4232 (quippe
750 4157 794 4230 qni
809 4166 837 4213 et
852 4172 914 4212 nau·
970 4178 1023 4234 que
1037 4162 1095 4231 spei
1109 4162 1274 4232 exspectatio
1296 4161 1383 4216 inerat
1394 4178 1401 4224 ;
1414 4158 1496 4232 m
1509 4159 1636 4228 subiecit,
1656 4159 1773 4215 Vens.ti

116 4271 265 4328 nonunquam
280 4256 391 4312 coasilia
404 4253 438 4331 (ε)
450 4255 522 4311 inita
534 4253 629 4310 mortis
637 4267 693 4308 suae
704 4250 917 4323 exprobraverit,
970 4262 996 4308 et
1022 4253 1038 4308 'l
1066 4255 1172 4319 iberra,
1196 4263 1224 4308 tu
1252 4253 1302 4307 scis
1325 4251 1499 4321 insipientam
1517 4267 1608 4316 aterum,
1628 4262 1652 4307 et
1679 4251 1774 4308 delicta

115 4361 145 4408 el
161 4349 241 4424 245
252 4359 327 4406 §libi
339 4349 366 4406 itt
383 4349 485 4420 tempto
499 4345 734 4420 salbeci‘llssiielil
747 4386 756 4413 s
771 4353 798 4401 el
807 4344 920 4401 eleuatis
971 4367 1028 4404 trtea
1041 4365 1058 4402 a
1074 4360 1098 4404 te
1108 4365 1160 4404 stau
1173 4357 1233 4404 sant
1242 4347 1400 4402 abscondita.
1416 4343 1477 4400 Nau
1488 4345 1679 4419 consultabatur
1692 4349 1720 4403 ia
1733 4365 1774 4405 tac

115 4443 152 4501 ati
166 4443 247 4499 beant
260 4441 508 4524 lreqneuteroculis
519 4440 672 4504 intenderit,
687 4448 715 4495 ut
724 4437 763 4511 (li
774 4437 807 4494 ad
820 4453 918 4493 unont·
970 4443 1016 4511 qui
1043 4450 1178 4513 expectant
1201 4451 1236 4508 te,
1259 4439 1370 4494 buteriae
1397 4440 1520 4494 uirtutum
1543 4454 1619 4495 :aare
1639 4452 1774 4498 natantur

115 4534 550 4608 quodqaedirinitatissuuopus
567 4531 713 4588 maximum
736 4531 770 4605 (f)
794 4539 918 4602 aspecta·
970 4552 1047 4611 snper
1071 4553 1113 4592 me
1134 4536 1178 4607 qui
1199 4544 1318 4606 quarunt
1337 4544 1371 4599 te,
1394 4530 1466 4589 Deus
1491 4531 1586 4589 lsrael.
1611 4533 1774 4605 insipientiae

113 4637 180 4685 reat
213 4627 371 4700 intelligitur
399 4625 433 4682 ati
468 4626 595 4692 Patrem
618 4626 654 4681 ob
675 4624 748 4697 qued
775 4628 916 4696 sequitur,
929 4611 957 4673 Ῐ)
969 4645 1027 4688 sue
1042 4630 1112 4687 bens
1125 4629 1249 4685 cottscius
1260 4636 1311 4692 est,
1327 4638 1353 4683 et
1366 4626 1464 4684 delicta
1478 4643 1525 4683 sua
1549 4627 1705 4686 abscondita
1727 4630 1763 4686 ab

114 4720 202 4778 Vens·
226 4717 244 4774 i
269 4738 276 4775 τ
304 4719 430 4776 Lalttttt'
456 4719 581 4783 clamate.
597 4732 682 4774 rtet&
695 4718 772 4790 {⁰⁶¹oe
786 4727 846 4773 edel
859 4719 917 4792 ide·
971 4741 1005 4782 eo
1019 4741 1073 4781 aaa
1091 4734 1176 4781 suut:
1193 4737 1287 4796 ptenas
1307 4722 1413 4779 scilieet
1427 4722 1587 4794 insipientia
1609 4732 1637 4780 et
1657 4723 1772 4781 delicto-

113 4829 159 4869 εει
171 4827 232 4868 aua
243 4829 252 4868 .·
265 4811 413 4885 deiecerant
425 4811 492 4866 oculi
506 4811 567 4874 met,
582 4810 622 4881 (Ξ)
637 4811 699 4865 dnm
710 4812 820 4882 apertio
833 4810 917 4868 Deum
972 4834 1044 4887 rum,
1057 4833 1125 4891 quas
1136 4833 1191 4873 noa
1205 4823 1344 4888 rapuerat,
1358 4814 1531 4888 repetebatur
1551 4816 1703 4874 exsolvere.
1720 4815 1773 4873 lis-

114 4921 213 4962 nrenrn.
239 4904 411 4960 infirmitates
430 4914 537 4962 nostras
559 4904 728 4974 suscipiens,
753 4913 918 4976 portansque
972 4913 1068 4984 quead
1082 4911 1172 4968 crucis
1190 4919 1280 4967 autem
1301 4911 1442 4966 stultitiam
1457 4908 1496 4983 (id
1509 4921 1561 4972 est,
1577 4912 1639 4982 qnia
1658 4908 1771 4964 stultum

116 5007 248 5074 peecata,
265 5015 315 5054 usu
328 5007 355 5055 et
365 4997 561 5054 cousuetudine
576 4997 699 5053 bumana
716 4997 918 5071 delitigationis
972 5005 1009 5062 sit
1021 5008 1149 5079 genitibus
1162 5015 1270 5078 peccata
1283 5015 1377 5062 nostra
1390 5007 1430 5062 sie
1449 5005 1574 5080 suscipi),
1599 5013 1626 5061 ut
1646 5009 1771 5076 peccantr

119 5215 125 5228 Ι
157 5138 202 5265 (Ι)Ι
222 5141 264 5226 dd
288 5155 368 5195 unum
387 5148 416 5194 at
436 5137 471 5194 ati
492 5137 618 5210 quatiqtte,
644 5137 752 5204 deinde,
769 5139 919 5213 adspectare
969 5143 1252 5221 sqmpmwmt,

115 5212 181 5270 intel
192 5225 271 5285 tpttur
289 5221 312 5268 et
325 5211 360 5266 ati
370 5209 486 5266 Patrem.

151 5351 190 5426 (a)
202 5351 231 5408 bt
244 5351 368 5424 culpatis,
380 5349 480 5422 patiare
490 5351 550 5416 uita,
570 5363 621 5419 qua
636 5346 688 5431 (rel
699 5346 786 5420 quam)
801 5351 915 5422 confisa.
972 5352 1115 5423 (artearte,
1129 5353 1155 5408 ia
1167 5360 1242 5410 testu
1252 5361 1342 5410 antem
1353 5368 1413 5410 cum
1425 5352 1491 5409 Bad.
1503 5362 1530 5408 et
1541 5365 1607 5408 mss.
1622 5349 1768 5408 Vaticanis.

115 5425 221 5482 llornnt
237 5423 453 5480 ertrcndatioaem
476 5421 519 5476 uui
545 5435 596 5476 ms.
619 5419 750 5476 Vaticano
767 5421 916 5491 debemus,
972 5434 1050 5481 tactu.
1069 5425 1134 5491 lica.
1150 5427 1230 5480 taciti.
1247 5425 1423 5482 llestitaitnas
1435 5440 1468 5480 er
1484 5424 1545 5480 llic.
1567 5423 1658 5478 tacitns
1671 5438 1769 5492 contu,

115 5497 178 5553 altis
187 5497 267 5550 etiam
284 5493 446 5550 laventibus.
612 5542 616 5551 .
971 5497 1031 5552 seii.
1045 5497 1197 5570 iutellipitur
1208 5499 1242 5552 ati
1252 5498 1311 5568 (sca
1324 5495 1405 5569 apud)
1420 5495 1537 5553 Patreta.

155 5566 193 5640 (b)
221 5567 249 5622 ln
274 5567 391 5638 antiquis
414 5563 489 5621 libris
516 5562 642 5620 scribitur
664 5571 820 5620 constanter
844 5581 923 5622 serrae
1020 5566 1044 5642 e)
1058 5567 1132 5625 Unus
1146 5572 1231 5626 codor
1245 5569 1330 5626 Vatia.
1345 5569 1418 5623 iniat.

117 5655 181 5696 enm
195 5639 296 5707 duplici
309 5655 332 5693 r.
1024 5643 1047 5710 ι)
1068 5639 1152 5706 Editi,
1170 5653 1302 5710 aspectare
1325 5638 1520 5709 intelliperetur.
1545 5639 1688 5710 Sequimur
1711 5654 1769 5713 reg.

156 5712 195 5786 (ε)
210 5711 276 5781 lleg.
292 5725 343 5766 ars.
360 5706 517 5764 transiebant
530 5723 540 5762 .·
557 5716 584 5764 et
598 5719 659 5763 ntor
676 5707 756 5764 maris
770 5705 836 5780 (aaa
851 5723 920 5763 atar—
973 5727 1025 5767 ms.
1041 5713 1067 5767 in
1081 5727 1135 5780 qao
1149 5719 1238 5767 tamen
1253 5721 1403 5779 aspectaret,
1418 5725 1471 5765 riou
1487 5721 1660 5781 aspectarent.

120 5783 189 5854 listi
209 5785 263 5837 aius
277 5789 432 5856 tempestate.
1009 5781 1049 5856 (q)
1065 5783 1145 5850 Editi,
1168 5799 1259 5853 rrempe
1277 5785 1332 5852 qui,
1359 5783 1459 5848 littera,
1484 5797 1538 5837 nou
1560 5797 1642 5840 sensu
1665 5798 1681 5840 a
1704 5785 1774 5842 tttss.

158 5801 208 5924 (tii
224 5851 295 5925 laps.
323 5863 350 5908 et
371 5853 432 5908 Par.
456 5857 543 5906 coorta
560 5856 655 5908 corttnt.
681 5852 725 5910 lir.
751 5851 776 5906 ia
799 5851 920 5922 margine
973 5853 1145 5912 dissidentes.
1162 5854 1231 5912 Vide
1250 5853 1584 5924 tractatumsupcriorem,
1601 5871 1629 5911 n.
1645 5853 1691 5912 ii.
