4042 6342
94 256 148 313 ast
630 248 891 312 sanctitatem
910 250 1015 313 exult
1034 252 1210 313 esambm
1687 248 1744 309 858

93 368 207 441 quidem
229 366 257 425 in
278 382 328 425 nos
350 364 511 425 benedicere
533 380 693 439 pessumum
719 368 781 439 qnia
797 368 931 429 naturai
977 367 1006 425 a.
1027 367 1193 442 Magnificus.
1207 396 1243 409 -
1256 364 1440 438 Sedpotentia
1454 378 1610 439 operantes
1630 364 1741 423 demum

93 462 191 533 exigit,
207 476 262 517 non
275 460 428 517 obtrectare
446 472 497 517 nos
511 459 574 527 lllis,
595 474 710 531 quorum
724 459 891 517 beneuolen-
943 459 1113 529 praedicanda
1128 470 1186 532 εει,
1212 460 1252 534 (d)
1275 474 1336 531 que
1359 459 1567 531 magnificentiae
1583 466 1741 530 exaequetur

94 554 132 610 tia
147 552 327 629 conlocemur
340 569 348 608 ε
359 552 406 609 sed
417 554 440 609 si
455 562 484 609 et
507 552 567 609 aliis
587 552 659 610 titiis
681 552 802 625 adspersi
817 559 890 621 sunt,
943 555 1082 623 operantis
1098 572 1105 609 :
1121 561 1150 611 ut
1165 554 1282 627 potentis
1294 552 1504 626 magnificentiae
1522 561 1617 624 potens
1638 549 1741 607 intelli-

91 657 188 705 nostro
198 647 307 720 quidem
322 647 465 705 commodo
477 646 684 715 benedicuntur,
704 647 752 705 sed
770 648 827 705 reri
846 646 891 718 ju·
943 649 1021 714 gatar
1033 646 1165 714 operatio.
1179 645 1220 701 bb
1234 645 1306 717 qnod
1318 646 1504 718 consequitur,
1521 643 1601 701 Vsus.
1616 644 1634 700 5
1653 660 1660 699 :
1675 640 1738 699 Ha·

91 739 166 797 dicio
180 754 235 797 non
247 740 437 812 praedicantur.
449 740 683 798 Periectioautem
706 740 753 797 Dei
772 738 838 796 nibil
862 738 891 795 in
942 737 1116 809 gnificeatians
1131 740 1271 811 maiestatis
1284 748 1346 795 tec.

90 846 121 888 se
134 820 198 888 esse
210 832 311 903 patitur
322 846 372 903 pro
392 840 478 904 parta.
493 830 560 889 liam
575 843 604 889 ut
618 831 787 901 benedictus,
806 831 842 887 ita
864 839 892 889 et
979 830 1023 887 ab.
1044 828 1210 889 Sanctsssea
1221 831 1357 904 beneficus.
1371 861 1409 877 -
1419 832 1474 890 Sed
1485 831 1699 905 magnificentia,
1714 834 1738 891 si

91 922 238 981 laudabilis
251 931 313 991 est;
333 923 435 983 babeas
446 933 475 982 ει
484 939 519 981 ex
530 924 585 993 bis,
597 924 694 995 quibas
711 924 890 982 beneficentia
942 921 1015 994 qued
1029 922 1155 979 insecat
1173 932 1276 982 tantum
1294 926 1346 981 sibl
1356 925 1472 993 bahem,
1488 925 1569 983 babet
1582 925 1739 983 admiratio-

90 1017 117 1073 ia
132 1031 183 1073 nos
195 1032 243 1073 sua
265 1017 377 1085 utimur,
399 1016 595 1075 benedictionis
618 1025 718 1074 nostrae
740 1016 889 1075 conieseio-
941 1029 1017 1081 nem.
1029 1030 1084 1073 nou
1094 1015 1176 1073 babet
1189 1017 1296 1076 laudem
1311 1035 1319 1074 :
1332 1027 1360 1075 et
1374 1022 1462 1077 otiosa
1485 1022 1548 1079 aliis
1562 1034 1604 1079 εει
1621 1024 1739 1093 potentis

89 1122 164 1176 nem,
180 1119 258 1167 etex
276 1108 457 1182 periectsrum
478 1111 504 1166 in
527 1126 558 1168 sa
570 1110 698 1167 uirtutum
713 1110 890 1171 admiratione
941 1108 1073 1178 operatio,
1085 1108 1137 1165 nisi
1150 1123 1200 1180 per
1209 1112 1347 1182 operantis
1355 1114 1527 1173 sanctitatem
1534 1130 1611 1171 usum
1621 1115 1737 1188 aliquem

90 1203 267 1273 precantum.
279 1202 321 1260 0lr
333 1202 405 1275 quod
421 1202 613 1262 benedicturus
626 1218 677 1276 per
691 1203 750 1261 dies
769 1204 890 1277 singulos
941 1218 974 1261 ex
987 1216 1017 1259 se
1031 1202 1086 1260 illia
1099 1203 1147 1275 qui
1158 1203 1306 1261 laudabunt
1326 1215 1355 1263 et
1371 1207 1577 1265 admirabuntur
1589 1209 1737 1280 impertiet.

88 1295 171 1368 023
184 1295 327 1367 propbeta,
340 1296 422 1354 etiam
446 1297 473 1354 id
486 1296 641 1369 adjecit,lit
664 1297 775 1354 landabo
796 1315 889 1355 nomen
939 1294 1048 1368 lisque
1061 1303 1247 1365 competenter
1264 1297 1317 1353 lroc
1342 1298 1464 1369 sequitur
1491 1316 1500 1355 z
1524 1299 1557 1355 Et
1578 1302 1738 1357 sanctitatem

89 1396 161 1443 tsurn
171 1388 198 1442 in
211 1390 335 1445 scantiam
346 1398 371 1446 et
390 1389 418 1445 ist
431 1391 554 1445 secaltnn
567 1391 657 1445 amasii
669 1388 707 1465 (a)
720 1389 788 1447 Cum
804 1389 889 1449 bene·
940 1396 1010 1443 ittam
1032 1388 1177 1460 Ιοιμιιιιιιι.
1192 1387 1228 1443 Ei
1241 1389 1370 1445 sanctitas
1383 1390 1492 1461 quidem
1511 1392 1568 1463 jam
1590 1392 1660 1449 bont
1682 1404 1737 1460 0⁸⁸2

88 1479 191 1537 dictum
204 1481 307 1550 laudat,
319 1480 455 1543 etiaudat
465 1481 493 1538 in
506 1481 635 1539 saeculum
650 1481 742 1538 saecoli
753 1524 761 1549 ,
773 1482 801 1538 in
814 1483 889 1540 nullo
939 1494 1029 1551 neque
1052 1488 1155 1537 tanturn
1170 1480 1222 1536 sibi
1236 1479 1342 1552 prolicit
1356 1498 1364 1535 ε
1380 1497 1469 1553 neque
1483 1484 1536 1541 lmc
1557 1486 1631 1556 quod
1645 1500 1678 1543 ea
1705 1500 1736 1543 se

89 1575 361 1647 propbetaeollleiuro
377 1578 514 1635 indrmum
537 1586 589 1645 εει,
610 1588 661 1634 nec
686 1576 885 1647 benedictione,
939 1580 991 1639 ⁰³¹,
1016 1573 1086 1629 inin
1107 1586 1186 1629 usim
1213 1571 1350 1629 wtnmbdi
1371 1575 1472 1645 proprii
1498 1578 1643 1633 consumit.
1670 1576 1739 1633 Nam

88 1682 139 1725 nec
153 1668 243 1737 laude,
260 1682 309 1725 nec
323 1677 456 1741 ternpore.
938 1665 1033 1733 etiam,
1045 1666 1079 1721 ad
1094 1667 1292 1736 provocandam
1303 1668 1330 1723 in
1346 1683 1376 1727 sa
1388 1668 1504 1725 aliorum
1520 1669 1737 1738 beoelicentiam,

122 1758 150 1815 6.
171 1758 264 1815 Pensa
277 1760 401 1817 laudandi
418 1758 468 1817 bat
481 1760 560 1829 ratio,
575 1762 632 1835 ejas
641 1758 767 1832 infinitas.
784 1790 821 1803 -
833 1760 882 1818 be·
899 1765 924 1827 Β
936 1758 1086 1816 sanctitatis
1096 1756 1180 1833 m
1201 1759 1298 1816 oltlciis
1322 1776 1385 1821 sese
1406 1762 1464 1834 ipsa
1489 1762 1669 1819 commendat.
1685 1761 1740 1819 Sed

87 1850 149 1907 binc
163 1851 297 1923 sequitur,
312 1850 395 1909 Vens.
410 1852 427 1908 i
441 1872 448 1907 :
464 1852 578 1926 Magnus
595 1850 730 1922 Dominus,
756 1864 780 1909 ct
794 1854 886 1910 lauda-
936 1852 1002 1909 nibil
1010 1854 1046 1909 de
1055 1869 1085 1909 se
1097 1855 1207 1925 dignum
1221 1854 1401 1913 admiratione
1414 1855 1565 1927 praestabit,
1580 1856 1604 1912 si
1618 1856 1670 1912 sibi
1680 1856 1739 1913 sola

88 1944 145 2001 iiiia
159 1947 250 2013 nimis,
264 1954 288 2002 at
298 1946 484 2019 magnitudinis
497 1950 554 2019 ejas
567 1962 618 2004 nan
628 1956 666 2003 est
677 1948 746 2015 finis.
759 1948 822 2004 llaec
836 1946 886 2007 liei
937 1944 983 2001 sit.
1007 1943 1045 2000 At
1057 1960 1124 2001 uero
1139 1947 1190 2003 boc
1204 1946 1344 2019 proprium
1359 1957 1403 2005 est
1416 1958 1445 2007 et
1456 1947 1617 2005 admirabile
1638 1948 1742 2004 sancti·

88 2038 215 2108 primast
229 2038 363 2111 precipua
377 2037 496 2095 laudatio
509 2048 562 2107 est,
577 2039 650 2111 quod
662 2038 730 2096 nibil
747 2040 775 2096 ln
789 2054 819 2097 se
829 2055 887 2098 me-
936 2036 1009 2104 tatis,
1021 2051 1083 2091 cum
1104 2037 1156 2093 boc
1175 2040 1248 2108 quod
1261 2039 1289 2095 in
1303 2054 1334 2098 se
1346 2049 1398 2108 est,
1411 2042 1439 2097 in
1450 2056 1531 2098 usum
1545 2038 1662 2097 aliorum
1675 2038 1738 2111 qui-

87 2129 199 2198 diocre,
215 2130 295 2187 nibil
318 2132 564 2202 circumscriptum,
594 2130 661 2187 nibil
686 2145 826 2188 enrensmn
858 2141 887 2189 et
935 2125 987 2185 bus
1001 2137 1044 2185 est
1059 2139 1152 2187 sancta
1164 2132 1297 2188 cosmedat
1313 2150 1320 2188 ι
1334 2133 1494 2205 ipss'aliquo
1508 2148 1562 2189 non
1577 2146 1671 2203 egens,
1687 2131 1740 2188 nisi

88 2220 281 2293 magnitudinis
293 2238 350 2281 suae
364 2223 463 2281 babeat
481 2234 508 2281 et
530 2220 628 2281 latldis.
649 2223 744 2281 Virtus
757 2226 816 2295 ejus
827 2226 887 2297 opi·
935 2220 1006 2277 iurte
1031 2235 1079 2291 per
1098 2221 1314 2279 benevolentiam
1328 2239 1361 2280 eo
1373 2231 1490 2291 tantum,
1506 2231 1536 2279 ut
1549 2237 1581 2279 se
1593 2222 1663 2278 alius
1676 2233 1740 2280 uta·

88 2316 168 2373 nione
177 2331 236 2374 non
250 2316 395 2386 clauditur,
410 2318 479 2375 locis
489 2332 542 2374 non
555 2318 720 2385 continetur,
730 2318 886 2376 nominibus
936 2322 991 2371 tur.
1006 2312 1049 2371 Ad
1063 2313 1089 2371 id
1100 2330 1165 2387 ergo
1175 2315 1247 2386 quod
1257 2315 1359 2375 dictum
1369 2326 1423 2382 εει,
1437 2314 1472 2371 Et
1485 2317 1648 2392 sanctitatem
1666 2326 1740 2371 taam

89 2424 140 2465 non
152 2412 323 2479 enuntiatur,
345 2410 512 2483 temporibus
527 2426 580 2469 noo
593 2412 717 2469 subditur
733 2429 739 2466 :
756 2420 831 2469 artus
851 2414 886 2470 ad
935 2408 1090 2481 loquemur,-
1104 2411 1203 2469 merito
1212 2410 1337 2489 subjecit,
1348 2410 1385 2467 lit
1396 2411 1431 2487 (e)
1444 2412 1574 2469 mirabilia
1585 2422 1630 2468 tun
1645 2427 1740 2468 narra·

89 2502 114 2559 id
125 2516 223 2559 sensus
235 2513 328 2561 noster
341 2513 395 2573 est,
411 2504 548 2576 ingenium
561 2505 644 2563 hebes
654 2515 707 2574 εει,
723 2520 885 2563 sermomo-
937 2503 1008 2557 lant.

90 2602 193 2650 tuaest.
208 2593 303 2651 Finem
316 2594 510 2667 magnillcentia
521 2597 604 2668 ipsius
616 2598 758 2655 nescitaet
770 2598 886 2670 aliquam
974 2596 1019 2653 ll.
1040 2596 1120 2653 idolis
1133 2598 1264 2654 terribilis.
1289 2628 1327 2640 -
1355 2600 1388 2654 Ει
1411 2598 1534 2656 mirabile
1554 2598 1662 2670 quidem
1683 2604 1737 2666 est,

89 2685 255 2743 ementiendi
269 2702 300 2744 se
321 2688 476 2759 opinionem
503 2688 634 2747 immensa
653 2690 812 2762 magnitudo
831 2704 887 2747 non
936 2689 1108 2747 sanctitatem
1123 2690 1190 2747 nibil
1204 2691 1256 2747 sibi
1280 2689 1464 2763 prolicientem
1489 2693 1517 2746 in
1541 2706 1619 2747 usum
1641 2690 1739 2747 alienae

90 2780 199 2849 patitur.
231 2774 346 2837 Estenia
362 2780 471 2853 ubique,
488 2786 597 2837 extenta
612 2796 721 2853 semper
743 2792 794 2851 εει,
819 2782 888 2839 banc
935 2781 1110 2838 beatitudinis
1123 2784 1273 2840 exuberare
1288 2801 1296 2837 :
1312 2782 1360 2838 sed
1374 2781 1523 2839 mirabilius
1534 2793 1588 2850 est,
1604 2782 1734 2838 sasrctita·

92 2872 194 2930 babens
210 2871 350 2929 inlinitatis
361 2889 418 2931 suas
430 2873 558 2931 laudam:
574 2882 702 2932 caeterum
721 2888 830 2931 omnem
846 2876 888 2931 in·
938 2880 992 2929 tem
1008 2874 1115 2946 menam
1126 2890 1189 2933 esse
1202 2874 1238 2950 (ip
1256 2874 1386 2944 terroris3
1402 2875 1469 2931 nesi
1484 2890 1538 2931 non
1560 2875 1737 2932 indiscretam

92 2967 269 3040 telllgentiam
294 2966 406 3025 infinitae
432 2968 513 3042 bajus
538 2967 566 3027 lu
592 2982 622 3027 sa
647 2969 790 3042 qualitatis
809 2983 888 3027 exce·
938 2980 969 3025 ae
985 2969 1122 3026 utentibus
1131 2978 1178 3026 aut
1189 2967 1388 3026 abundantibus
1400 2975 1522 3039 praestet,
1535 2968 1599 3023 dum
1613 2966 1692 3024 bonis
1706 2980 1740 3025 ac

92 3058 168 3117 dens.
939 3061 1019 3118 malis
1030 3064 1183 3134 promiscua
1196 3072 1250 3133 est,
1265 3048 1440 3137 et'tamquam
1455 3078 1489 3121 es
1501 3071 1606 3119 naturae
1619 3062 1740 3119 necessi-

127 3154 153 3208 7.
175 3154 199 3208 sl
220 3153 309 3224 quibas
329 3154 486 3211 laudandus.
508 3182 544 3197 -
567 3154 676 3226 Elquia
690 3154 748 3212 baec
774 3157 817 3213 rel
837 3156 888 3211 im-
901 3156 924 3221 C
939 3162 994 3213 tate
1006 3157 1182 3228 tepraebens,
1198 3157 1404 3213 admirationem
1425 3158 1479 3211 non
1493 3154 1590 3211 babeat
1611 3154 1741 3211 sanctita·

92 3262 194 3323 mensae
209 3249 398 3321 magnitudinis
417 3252 546 3323 cognitio,
565 3252 608 3310 rel
629 3252 748 3309 laudatio
774 3268 887 3323 opernm
940 3248 984 3303 tia.
1000 3248 1035 3305 Et
1058 3248 1160 3307 ideireo
1182 3266 1245 3306 mox
1268 3250 1398 3316 subdidit,
1416 3246 1535 3312 lensii
1550 3266 1557 3304 ι
1570 3247 1605 3304 lit
1618 3250 1740 3304 metatam

92 3340 139 3397 liei
150 3356 206 3398 non
219 3344 339 3401 omnium
352 3344 470 3416 gentium
483 3354 539 3413 est;
558 3345 657 3418 quibus
669 3361 685 3403 a
697 3346 889 3406 constitutione
940 3340 1092 3396 terribilium
1111 3351 1215 3398 lumem
1228 3342 1312 3399 dicent
1326 3357 1336 3397 ι
1349 3352 1378 3396 ut
1391 3339 1563 3396 ιιιιιῑὶῑιίιιιι
1584 3341 1738 3411 leuterici,

94 3436 187 3491 mundi
204 3435 296 3493 vitaet
319 3451 417 3495 sensus
429 3438 526 3495 luisset
538 3438 681 3513 iutnraque
691 3448 774 3509 esset,
794 3454 912 3499 couse-
939 3441 967 3489 et
994 3435 1128 3492 mirabilis
1149 3434 1304 3503 pertentet,
1327 3435 1420 3492 ‘iiiiii
1442 3448 1551 3506 quoqne
1577 3434 1739 3491 terribilium

91 3536 207 3599 quenter
217 3510 341 3600 subjecit,
355 3530 439 3589 vagg.
456 3532 640 3591 numasque
654 3542 679 3590 gs
690 3534 820 3607 ymnaria
830 3534 889 3591 pq.
939 3526 1084 3597 uirtutem,
1100 3528 1190 3586 media
1202 3528 1381 3587 adrsriratione
1392 3526 1645 3584 intersanctitatem
1657 3536 1741 3598 atquc

91 3620 159 3675 datis
172 3637 254 3689 opera
275 3630 330 3681 aaa.
354 3623 412 3681 lton
428 3626 519 3698 urique
531 3626 721 3698 genenqoqoe
734 3634 761 3683 ει
777 3642 890 3700 geum.
938 3625 1083 3689 terrorem,
1098 3621 1163 3679 dum
1175 3633 1201 3679 et
1215 3631 1303 3681 terror
1314 3625 1405 3683 suasis
1426 3630 1454 3679 et
1473 3620 1601 3680 terribilis
1620 3620 1741 3679 suauitas

91 3708 188 3779 tiones,
205 3727 265 3784 qum
284 3721 311 3771 et
331 3714 500 3787 temporibus
514 3724 541 3773 er
562 3716 687 3789 gentibus
698 3718 790 3775 mutan
809 3724 890 3791 atque
938 3710 1127 3771 admirabilem
1152 3715 1217 3774 lacit
1242 3726 1271 3775 et
1295 3728 1429 3779 terrorem
1451 3732 1562 3776 suarem
1583 3726 1611 3773 ει
1634 3714 1742 3773 terribi-

91 3805 215 3863 adrersae
235 3814 324 3865 sunt:
347 3807 396 3865 sed
410 3810 539 3881 generatio
552 3824 612 3880 quae
635 3811 670 3867 ab
688 3810 824 3868 Abrabam
849 3810 888 3885 (i)
938 3802 991 3861 lem
1007 3806 1179 3867 suavitatem.

90 3901 184 3972 caepit,
199 3916 260 3972 qne
278 3916 326 3972 per
338 3902 445 3975 signum
468 3903 683 3961 circumcisionis
698 3904 841 3976 deputatur
861 3906 889 3963 in
980 3904 1025 3958 li.
1046 3902 1159 3976 llagsrm
1174 3903 1325 3959 sinesraodo.
1339 3904 1430 3964 Bonas
1445 3921 1544 3974 semper
1557 3910 1581 3959 et
1603 3901 1740 3959 abandon-

91 3992 192 4065 Legem
207 4010 215 4061 ;
231 4003 256 4050 st
269 3996 399 4068 gramatio
412 4011 473 4067 quae
487 4006 633 4052 renovatur
647 3996 673 4051 in
686 3994 804 4065 Christo,
830 4012 890 4068 quae
940 4006 986 4055 tsr.
1000 4024 1037 4037 -
1051 3995 1093 4053 Ob
1104 3996 1177 4068 quod
1190 3998 1326 4067 ingentem
1340 3997 1411 4055 banc
1423 3996 1591 4054 admirandae
1605 4006 1740 4064 tempera·

91 4102 121 4143 ex
137 4088 270 4145 doctrinis
284 4090 447 4162 propheticis
460 4088 494 4147 ad
514 4089 595 4147 iidem
614 4090 775 4162 evangelicae
792 4089 891 4160 justill-
940 4088 1021 4143 tionis
1029 4085 1240 4159 magnitudinem
1253 4087 1383 4158 propbeta
1394 4086 1557 4157 intelligens,
1565 4083 1691 4156 subiecit,
1703 4083 1740 4139 lit

90 4183 208 4239 calionis
220 4183 371 4241 instruitur.
395 4184 497 4243 Harum
512 4186 593 4257 igitm
606 4184 812 4257 generationum
827 4199 890 4256 pro·
939 4180 1379 4254 nsaqaritudincmtuomnarrabant.
1395 4179 1585 4251 magnitudinis
1595 4176 1668 4234 enim
1679 4176 1739 4232 inli-

89 4276 180 4347 prium
195 4286 247 4345 est,
262 4278 309 4335 liei
320 4292 403 4352 opera
416 4280 536 4336 laudare.
941 4276 1003 4334 nita
1011 4282 1064 4340 est,
1077 4274 1103 4331 in
1115 4274 1248 4345 bacqund
1263 4274 1383 4331 terribile
1395 4282 1437 4331 est
1446 4286 1528 4329 suase
1541 4286 1613 4340 esse,
1625 4279 1654 4329 et
1665 4270 1739 4342 quod

125 4370 153 4427 8.
175 4369 336 4429 medendus
348 4370 420 4429 Deae
442 4374 502 4445 qaia
516 4372 544 4428 in
556 4371 633 4445 [actis
646 4378 746 4442 poteras.
766 4400 802 4413 -
823 4370 892 4428 Lau·
940 4382 1026 4425 suave
1044 4375 1087 4426 εει
1100 4382 1162 4424 εεεε
1171 4367 1301 4424 terribile.
1325 4365 1579 4437 llagnitudoautem
1593 4380 1647 4421 non
1659 4364 1741 4420 lsabet

89 4460 149 4519 dari
161 4478 247 4534 opera
259 4463 308 4521 liei
328 4478 383 4521 non
397 4465 451 4521 alia
465 4464 534 4521 ratio
553 4465 691 4532 admonet,
715 4478 796 4534 quam
808 4463 889 4536 ssquod
941 4465 1051 4519 modum
1060 4476 1069 4517 a
1079 4476 1113 4517 ne
1122 4462 1146 4517 si
1157 4458 1294 4515 moderata
1303 4460 1349 4526 sit,
1356 4454 1574 4529 jammagnitudo
1584 4472 1638 4513 non
1648 4457 1740 4527 aitper

89 4555 182 4609 omnia
196 4553 231 4610 ab
241 4568 277 4612 eo
290 4564 414 4627 potenter
425 4554 521 4612 edeam
535 4564 599 4612 sunt
611 4556 649 4629 (c)
671 4574 679 4611 ε
701 4555 764 4628 quia
786 4568 888 4625 praeco·
900 4550 929 4613 b
940 4557 977 4626 irl,
999 4556 1071 4629 quod
1085 4555 1166 4613 modo
1178 4570 1232 4611 uon
1247 4561 1331 4610 earet.
1347 4552 1383 4609 lit
1395 4567 1459 4622 ergo
1467 4550 1584 4622 propriae
1596 4549 1739 4605 admiratio

89 4646 163 4703 nium
177 4647 284 4717 lrabeat,
300 4664 355 4707 non
370 4648 472 4721 aliquid
486 4649 584 4721 egisse,
597 4649 645 4707 sed
654 4658 778 4722 potenter
787 4650 885 4723 egisse.
940 4650 1089 4709 sanctitatis
1098 4658 1178 4721 atque
1190 4647 1302 4703 terroris
1314 4645 1342 4701 in
1353 4642 1545 4717 magnitudinis
1557 4638 1740 4697 suacinbnita-
1818 4698 1821 4701 ⁴

89 4736 123 4795 Et
158 4740 222 4799 ideo
253 4741 387 4815 subiecit,
412 4740 448 4799 Et
471 4743 611 4815 potentiam
633 4752 704 4799 taam
735 4744 889 4818 prenotatis·
941 4752 968 4801 te
976 4744 1107 4801 consistat
1121 4742 1178 4816 (g);
1193 4754 1320 4797 mansura
1331 4750 1372 4795 εει
1386 4746 1415 4795 ει
1423 4753 1531 4809 semper
1541 4744 1569 4793 et
1585 4732 1737 4802 abundans,

90 4829 163 4888 iiiiii·
940 4848 991 4893 nec
1000 4843 1122 4906 tempore
1131 4832 1241 4891 debuitu
1255 4845 1307 4887 nec
1316 4830 1404 4901 copia.
1420 4828 1454 4886 Et
1466 4827 1568 4885 idcirco
1581 4824 1738 4894 connexuit,

126 4984 167 5059 (a)
187 4988 236 5046 lis.
250 4988 342 5048 diosc
354 4988 604 5063 primaeditioPar.
615 5006 673 5049 cum
683 4990 818 5063 imadicit,
832 5010 890 5050 cum
976 4990 1015 5139 w
1033 4992 1062 5048 ln
1073 4990 1198 5063 vulgatis,
1214 4990 1268 5061 qui.
1283 4989 1393 5046 licetine
1406 4989 1433 5045 in
1449 5004 1499 5045 nra.
1513 4969 1583 5060 quia.

92 5056 184 5129 medat
192 5062 219 5114 in
233 5061 368 5129 secatam,
381 5072 435 5119 etc.
612 5114 622 5131 ,

131 5130 172 5203 (i)
192 5132 250 5187 lion
259 5132 330 5203 quod
341 5133 404 5188 uelit
415 5132 532 5189 llilarius
541 5133 748 5191 antelbrabam
757 5134 887 5204 doluisse,
941 5135 1164 5193 emendantnrcs
1177 5147 1229 5188 sna.

91 5208 137 5275 qni
155 5203 200 5259 bei
211 5217 293 5273 opera
308 5204 459 5271 laudarent,
476 5219 535 5259 cum
547 5206 646 5277 passius
658 5208 764 5273 doceat,
779 5208 892 5263 inman-
977 5204 1015 5279 (a)
1032 5206 1158 5277 brigense
1176 5203 1247 5272 aprrd
1266 5202 1427 5260 Corderiunn
1451 5202 1581 5257 nendilo
1605 5201 1737 5273 interpre-

91 5276 161 5333 datis
176 5272 222 5328 bat
229 5277 288 5348 jons
301 5277 415 5331 aemuli
429 5276 748 5349 institutioneperrcctrsss.
764 5276 827 5333 llmc
839 5294 888 5334 art·
941 5287 1001 5337 tuns
1025 5273 1152 5332 miraculo
1176 5288 1234 5342 qaae
1253 5276 1282 5329 in
1302 5274 1451 5346 beneficium
1464 5273 1634 5345 quorumdam
1659 5272 1736 5343 fiant,

92 5360 148 5404 tarn
159 5346 259 5401 diserte
272 5345 414 5402 declarans
427 5349 453 5403 in
468 5362 509 5417 ps.
524 5362 614 5415 currat,
637 5364 664 5402 n.
677 5349 705 5415 8,
720 5348 838 5418 subjicit,
853 5349 888 5406 lss
941 5350 1013 5408 laune
1023 5347 1118 5405 llilarii
1130 5347 1218 5401 locum
1233 5360 1287 5401 non
1308 5346 1479 5401 mediocriter
1493 5345 1618 5399 illustrat.
1634 5343 1738 5401 Seced-

92 5419 141 5475 isac
156 5420 221 5471 eninr
233 5418 323 5472 semita
337 5425 361 5473 et
383 5417 446 5474 atet
465 5422 596 5487 arcersit,
618 5428 643 5474 et
666 5419 730 5475 Setis
747 5419 849 5487 institit,
866 5430 889 5477 at
941 5429 1025 5484 tatem
1035 5422 1183 5491 loquuntur
1195 5417 1299 5489 populi,
1310 5432 1371 5490 quae
1380 5414 1518 5472 miraculis
1531 5415 1583 5473 sibi
1599 5426 1738 5485 casaperta

92 5490 184 5545 Erratis
196 5488 305 5560 placuit,
324 5497 349 5544 et
374 5486 433 5545 llas
456 5490 581 5545 ramam
604 5492 706 5555 meruit,
718 5500 743 5545 et
755 5488 889 5545 idolomac-
940 5495 1035 5562 iqggtn.

92 5563 168 5626 decla,
184 5568 236 5615 etc.
250 5558 342 5631 Neque
356 5574 421 5615 vero
435 5560 486 5626 illi,
511 5560 563 5615 nisi
577 5560 659 5616 licum
674 5562 787 5633 ejrssque
806 5575 888 5631 opera
984 5574 1019 5657 (0
1040 5561 1116 5636 apud
1130 5558 1209 5628 llad,
1221 5558 1272 5615 Er.
1285 5567 1313 5615 et
1323 5557 1397 5626 lips.
1412 5558 1518 5621 masis,
1540 5557 1591 5612 asiai
1612 5572 1673 5620 non,
1683 5564 1736 5611 ete.

91 5630 227 5689 laudando
241 5630 410 5701 placuerunt.
436 5630 494 5687 lloc
514 5631 594 5700 igitar
617 5639 721 5689 mntem
748 5630 798 5686 sibi
821 5632 888 5703 vult,
1015 5632 1270 5707 prosternebam
1294 5628 1361 5698 apud
1380 5627 1440 5681 Par.
1468 5637 1602 5683 retentum
1623 5636 1666 5682 εει
1689 5626 1739 5684 nisi

111 5702 294 5758 onerationem
304 5715 336 5757 ac
349 5718 382 5770 po
402 5703 474 5758 ulum
489 5701 662 5783 peculiarem,
675 5706 722 5787 qui
735 5704 818 5762 licum
831 5702 889 5763 lau·
944 5666 1014 5723 w
1029 5657 1173 5788 {clusinis
1185 5705 1265 5783 loeus
1275 5701 1334 5785 jans
1343 5698 1492 5753 emendatur
1503 5713 1537 5754 ex
1549 5713 1599 5752 ms.

92 5720 111 5832 fi
403 5786 708 5847 aecoepteseaegregarr.
948 5746 1036 5895 wib)
1054 5766 1740 5852 stcpnnqqedttrollar.mmmsasseteratautem,

1008 5066 1018 5135 )
1036 5064 1118 5131 Editi,
1133 5062 1415 5133 quaemagnificcntiam
1426 5070 1566 5131 exequatm
1585 5058 1738 5127 spernas:

113 5782 183 5843 aret,
197 5773 232 5833 ab
242 5787 301 5832 aare
311 5771 383 5831 dbra
