4042 6342
315 290 387 350 tosa
923 281 1048 343 silicet
1068 281 1195 343 tttbtttttt
1215 281 1367 344 srtscort
1896 281 1944 339 tttt

316 406 434 474 dilates,
458 413 487 462 et
514 401 708 477 turpitudinum
727 400 913 458 conlationem
937 400 1113 458 infructuosis
1126 401 1151 465 Α
1166 401 1223 474 ipsa
1239 399 1436 458 Pharisaeorum
1458 397 1605 471 responsio
1620 396 1685 469 naid
1706 395 1834 452 momenti
1849 395 1942 459 balei,

317 508 391 557 essct
404 498 546 555 verborum
558 495 716 553 uelamentis
729 504 865 566 tamquam
881 494 949 552 licus
967 493 1038 550 loliis
1049 509 1115 550 cen·
1168 494 1343 566 querendum
1360 503 1411 551 est.
1429 493 1526 550 Dicunt
1541 491 1678 550 uoluntati
1692 493 1777 567 776
1789 489 1825 562 (el
1835 490 1941 562 Jemane

319 599 433 648 tectura.
446 589 535 661 Atque
554 589 614 644 baec
631 586 741 659 quidem
755 588 788 644 de
800 599 894 643 natura
909 587 1015 643 arboris
1037 587 1117 658 ltttjtts
1171 589 1308 646 obedisse.
1324 587 1380 645 lloc
1395 605 1485 646 rerunt
1498 589 1568 645 ratio
1583 603 1638 645 aon
1655 589 1777 658 patitur,
1801 593 1835 660 ut
1847 587 1943 640 simulata

319 683 461 756 interjecta
475 693 557 750 sunt,
572 691 602 738 ut
613 682 823 753 comparationis
842 683 992 754 proprietas
1003 679 1117 752 intelligi
1172 680 1305 752 professio
1317 680 1442 738 meritum
1450 680 1576 753 perlectae
1588 677 1713 735 ueritatis
1726 677 1860 742 obtineat;
1872 679 1942 749 atpls

319 783 425 850 posset.
439 775 570 851 Reliquus
589 775 680 850 itaque
692 784 830 850 gestentm
846 776 913 833 ordo
931 783 974 833 est
986 786 1119 832 contusa·
1169 775 1341 834 sitlelellisse
1356 776 1546 846 spondentem,
1559 790 1641 848 quam
1657 770 1809 844 perfecisse
1819 775 1900 828 omnia
1910 790 1942 828 rsa

316 871 378 930 dus.
1171 866 1355 941 pollicentem.
1380 867 1447 938 Quis
1475 877 1566 924 autem
1593 882 1649 923 noa
1675 865 1754 921 malit
1778 865 1866 936 negari
1879 865 1942 923 sibili

354 965 399 1022 tu.
417 963 611 1021 Plraritteorum
638 965 670 1020 dc
689 963 800 1022 loannis
815 963 942 1036 baptismo
965 977 1120 1036 responsam
1170 959 1241 1030 aueo
1257 971 1360 1034 poscat,
1371 960 1519 1017 dummodo
1533 960 1560 1016 id
1572 959 1647 1031 quod
1659 957 1818 1030 poposcerit
1829 957 1942 1027 latntes

315 1060 361 1130 pai
371 1075 468 1115 saum.
477 1087 519 1133 ¹-
529 1057 659 1116 Pbarisaei
673 1059 756 1114 multa
776 1058 877 1115 exinde
891 1057 1017 1115 uiderant
1027 1053 1066 1132 (a)
1080 1057 1121 1114 in·
1170 1069 1223 1110 non
1241 1053 1298 1110 llcri
1312 1054 1383 1126 quud
1397 1053 1564 1126 spondeatur
1585 1064 1615 1109 ut
1626 1053 1691 1120 li.tt;
1706 1067 1771 1109 cunt
1791 1050 1852 1107 iacti
1864 1051 1943 1108 meru.

317 1152 442 1226 gentibus
465 1152 552 1225 magis
573 1151 654 1225 digna
673 1150 829 1210 miraculis:
846 1151 894 1209 sed
912 1166 985 1208 autre
1003 1149 1121 1208 marimo
1171 1165 1204 1207 ex
1221 1149 1412 1220 desperatione
1432 1149 1467 1206 sit
1493 1147 1615 1220 gratior,
1644 1161 1713 1219 spes
1739 1153 1831 1201 autent
1850 1145 1943 1200 denter

316 1245 427 1304 solliciti
440 1254 514 1316 sunt,
530 1255 559 1303 et
581 1247 763 1318 interrogant,
792 1246 885 1320 inqua
898 1245 959 1304 bec
972 1245 1053 1302 iaciat
1069 1259 1120 1316 po·
1172 1242 1235 1314 plus
1252 1243 1342 1300 doleat
1352 1243 1364 1298 l
1376 1241 1434 1300 Nisi
1448 1241 1515 1299 lorte
1526 1242 1701 1314 poscentium
1711 1240 1840 1296 uoluntas
1853 1239 1901 1295 sola
1912 1241 1942 1295 siti

317 1347 415 1397 testate
431 1337 551 1414 (llattlt,
567 1354 622 1408 xxt,
636 1337 698 1413 23).
709 1339 764 1396 lles
778 1339 862 1405 enim,
882 1340 933 1397 sub
946 1338 1120 1411 praesentium
1171 1335 1325 1392 adulatione
1339 1334 1528 1407 spondentium
1547 1333 1719 1392 blandiatur.

316 1441 456 1505 gestorum
482 1431 641 1499 effectibus,
662 1431 758 1504 ingens
783 1431 935 1488 futurorum
959 1431 1123 1504 complecte-
1208 1429 1253 1486 lb.
1269 1427 1354 1485 Filias
1368 1431 1450 1502 prior,
1469 1429 1514 1500 ptri
1536 1445 1568 1484 es
1585 1427 1737 1484 Pltcrittsis
1756 1427 1940 1482 amttam-

315 1527 398 1585 batur
411 1542 551 1584 semaam.
567 1527 655 1599 Atque
678 1527 779 1584 idcirco
804 1542 837 1583 es
857 1540 890 1583 co
908 1524 1066 1598 specialiter
1079 1525 1121 1581 in·
1172 1521 1381 1580 Recordaadum
1396 1521 1544 1596 igiturest,
1562 1523 1788 1596 propositionem
1801 1527 1939 1595 comparetis

317 1618 474 1693 terropandi
489 1618 627 1691 reperitur
641 1618 795 1686 instinctus,
813 1620 933 1690 subque
953 1621 1036 1676 totius
1048 1619 1122 1691 peri·
1174 1615 1216 1672 nis
1230 1617 1308 1672 istius
1326 1632 1359 1674 cx
1380 1630 1414 1673 eo
1429 1631 1555 1674 sermone
1574 1615 1772 1685 descendere,
1788 1619 1831 1688 qai
1852 1619 1939 1674 ititsss:

318 1710 376 1769 enli
401 1709 586 1784 prelormatio
606 1710 804 1782 proterebatar.
826 1710 956 1769 Dominus
974 1709 1123 1783 respondet
1172 1708 1208 1766 de
1222 1708 1334 1778 loanne,
1349 1723 1377 1767 ut
1393 1710 1561 1768 inltdelitatis
1574 1709 1801 1775 cunctationem,
1813 1709 1850 1780 (d)
1861 1721 1937 1767 etrxe

319 1804 455 1862 dlcturum
475 1818 580 1861 essese
604 1803 631 1860 ia
654 1819 707 1876 uua
727 1804 786 1860 lnce
810 1804 911 1862 taceret
939 1813 1083 1876 potestate,
1098 1803 1122 1860 si
1136 1799 1161 1862 B
1175 1799 1277 1858 sileatil
1298 1803 1487 1860 necessitatem
1510 1802 1667 1859 istiusmodi
1677 1783 1815 1873 'positum
1833 1802 1936 1874 abiaram

318 1896 400 1952 modo
419 1894 458 1952 illi
484 1895 664 1967 interroganti
687 1883 749 1952 εἱὺῖ
763 1889 987 1968 respondissent,
1010 1894 1123 1952 loannis
1174 1895 1340 1965 exemplum.
1361 1893 1415 1952 Sed
1434 1895 1505 1952 sicut
1522 1895 1550 1951 in
1573 1896 1685 1952 ceteris
1711 1895 1887 1962 admonu‘u,
1900 1898 1929 1953 lic

318 1988 456 2061 baptisma
469 1998 561 2045 utrum
576 1990 611 2044 de
624 1988 707 2056 coelo,
720 1999 767 2045 aut
780 2004 815 2046 ex
829 1988 986 2046 bominibus
996 1998 1124 2062 putarent
1174 2003 1282 2060 qunque
1297 1987 1452 2046 meminisse
1473 2003 1522 2044 nos
1536 1997 1658 2061 oportet,
1680 1988 1791 2044 rationi
1813 2005 1930 2058 reimpa-

322 2097 385 2140 esse
410 2069 493 2155 (lira.
507 2079 567 2155 sl).
592 2080 628 2137 At
654 2079 693 2138 illi
715 2082 901 2169 responsionis
924 2098 981 2140 suae
1003 2083 1124 2156 periculo
1175 2081 1294 2138 sentium
1316 2067 1416 2154 'aliqnid
1439 2080 1575 2138 interdum
1595 2097 1627 2138 ea
1643 2081 1814 2138 conditione
1830 2083 1929 2138 claresce

211 2245 217 2251 ῃ
320 2183 492 2242 crtaetantur,
513 2173 683 2246 cogitantes,
699 2175 722 2231 si
733 2175 768 2232 de
780 2169 860 2232 'ctelo
873 2175 986 2247 prolessi
1010 2185 1122 2244 essent,
1175 2173 1326 2231 luturoruat
1349 2175 1454 2246 species
1474 2179 1534 2232 sine
1547 2171 1650 2230 damno
1665 2173 1767 2245 alique
1783 2173 1820 2247 (c)
1832 2175 1923 2246 pressa

320 2265 494 2324 contessione
506 2282 555 2323 sua
567 2280 597 2322 se
613 2281 675 2323 reos
688 2265 941 2337 deprebendendas,
957 2283 1005 2324 cur
1019 2269 1121 2325 cceles-
1174 2275 1209 2323 tae
1228 2265 1380 2323 eldeientias
1399 2267 1551 2341 expleatur.
1570 2266 1683 2323 Primus
1699 2275 1747 2324 est
1764 2267 1846 2332 filias,
1864 2272 1925 2337 psas
1957 2325 1958 2340 ,

324 2355 366 2415 tis‘
380 2359 525 2416 testimonii
539 2359 697 2416 'auctoritati
712 2375 765 2416 non
779 2360 958 2417 credidissent
974 2378 980 2417 :
995 2362 1017 2418 si
1029 2377 1062 2418 ex
1077 2361 1126 2418 lte·
1176 2373 1209 2416 ex
1224 2357 1367 2422 Placuisseis
1381 2359 1406 2414 in
1422 2374 1542 2432 presens
1560 2375 1576 2416 a
1591 2360 1648 2417 lieo
1667 2375 1723 2432 per
1741 2359 1853 2416 loannis
1864 2377 1918 2432 pra·-

324 2450 444 2507 minlbus
466 2451 617 2518 dixissent,
641 2451 733 2508 turbas
748 2452 921 2514 uerebantur.
938 2452 1029 2523 plures
1052 2453 1124 2510 enlm
1177 2450 1241 2507 tiam
1255 2461 1284 2506 ut
1298 2453 1443 2523 prmceptis
1455 2453 1511 2508 suis
1530 2453 1746 2526 obtemperaret
1758 2451 1913 2509 admouitslt

322 2542 486 2616 prophetam
498 2542 630 2601 loattnem
647 2543 782 2600 habebant
795 2543 878 2618 (llid.
892 2543 951 2616 26).
968 2545 1127 2616 Responde·
1177 2545 1297 2603 insnlens
1317 2557 1344 2604 et
1358 2545 1517 2603 inobediens
1537 2557 1566 2603 et
1579 2547 1662 2603 dictis
1683 2547 1866 2618 presentibus
1879 2562 1920 2600 etr
1957 2585 1958 2602 .

321 2645 386 2693 runt
408 2636 519 2708 itaque,
540 2637 646 2693 nescire
660 2651 691 2692 se
712 2633 797 2708 (llid.
816 2637 875 2709 27).
900 2636 959 2693 llon
978 2637 1071 2709 utiquc
1092 2637 1127 2695 dc
1178 2655 1238 2696 tutas
1260 2641 1319 2709 luit,
1340 2639 1441 2698 liabens
1463 2640 1489 2696 iu
1510 2640 1572 2712 tege
1592 2639 1743 2710 lidnciam,
1759 2650 1789 2697 et
1802 2643 1925 2712 penes-‘ut
1957 2649 1958 2682 1

323 2730 396 2787 caelo
408 2729 590 2796 nesciebant,
605 2745 668 2787 eum
681 2731 803 2787 convinci
820 2731 932 2788 ueritate
951 2731 1127 2803 professionis
1176 2743 1351 2803 pcccatorum
1362 2733 1447 2806 pieria
1468 2734 1657 2806 praerogativae
1670 2749 1710 2790 ex
1731 2735 1859 2790 Abrabam
1872 2729 1926 2787 ets

323 2840 381 2881 suae
393 2832 527 2880 metuunt.
552 2823 606 2881 Sed
630 2841 724 2880 rerum
748 2823 822 2881 dese
835 2824 916 2882 etiarn
938 2840 1000 2882 cum
1014 2822 1126 2882 lallendi
1179 2823 1241 2880 tatis
1261 2823 1428 2894 adspernans
1449 2841 1456 2880 ε
1475 2825 1520 2898 otti
1544 2824 1678 2897 deinceps
1706 2841 1823 2898 operatu
1844 2824 1929 2882 ninas

323 2921 465 2978 catenata
484 2919 622 2976 dixerunt.
636 2917 691 2975 Per
705 2919 891 2976 inlldelitatcm
907 2920 981 2976 enim
994 2935 1070 2976 suant
1089 2923 1124 2976 de
1180 2929 1241 2991 past
1260 2917 1365 2974 bortrini
1380 2918 1610 2975 resurrectionem
1626 2920 1777 2991 poenitens
1792 2921 1834 2976 salt
1846 2917 1929 2989 ipsuis

323 3014 394 3071 coelo
412 3028 474 3070 csse
486 3012 598 3071 loannis
609 3013 743 3086 baptisma
759 3013 923 3070 nescierunt.
940 3015 1018 3085 Quod
1034 3024 1126 3072 autern
1178 3009 1304 3078 credidit,
1316 3009 1384 3066 lacti
1398 3011 1451 3067 lide
1465 3011 1499 3067 ad
1518 3011 1689 3069 volttntatern
1707 3015 1923 3082 emarescere*

324 3103 622 3174 exnontntnusesset,
636 3105 801 3165 taarconan
814 3109 1127 3182 patueruntsene,quta
1179 3103 1261 3161 uatus
1275 3117 1425 3175 regressus,
1441 3103 1586 3161 anterioris
1605 3105 1773 3162 insolentiae
1786 3098 1925 3176 mpel-

256 3263 264 3278 ι
326 3206 465 3254 nouerat.
1006 3271 1012 3282 .
1140 3196 1481 3268 Ctettdacenlessusest.

362 3291 407 3349 ll.
423 3288 575 3364 Difficultas
586 3292 693 3363 emata,
720 3293 778 3364 puis
792 3293 862 3364 pilius
883 3293 980 3363 maior,
1003 3296 1060 3367 puis
1080 3299 1129 3370 jat-
1216 3291 1260 3346 tt.
1276 3289 1301 3345 F
1302 3291 1362 3348 ilius
1373 3292 1475 3366 justior,
1492 3291 1622 3363 pellicani
1638 3301 1663 3348 et
1676 3303 1835 3365 peccatms.
1845 3287 1932 3344 -ffi

325 3387 394 3442 nior.
409 3415 445 3428 -
456 3384 542 3441 Homo
556 3385 662 3458 pamm
675 3386 783 3443 italelrat
807 3386 872 3444 daos
887 3388 966 3458 tilios,
982 3388 1128 3462 etreliqua
1179 3393 1270 3442 utitem
1282 3386 1381 3454 mitmr,
1394 3387 1471 3457 plebs
1480 3395 1523 3442 est
1536 3386 1753 3458 publicanorum
1767 3395 1795 3444 et
1805 3395 1933 3458 pensauren

326 3477 410 3553 (ibid.
425 3478 482 3550 28).
498 3479 583 3536 llulta
599 3481 727 3552 etpraria
742 3481 1074 3552 sunt,quaeconluadere
1088 3483 1129 3539 in·
1179 3477 1237 3548 ipsa
1266 3476 1368 3548 peccati
1394 3476 1420 3532 in
1445 3493 1498 3549 qua
1521 3485 1579 3532 tum
1605 3476 1809 3534 demorabatur
1832 3474 1935 3533 earliest
1957 3521 1958 3550 3

327 3570 504 3644 tellipentiatn
523 3583 648 3643 possunt,
671 3571 724 3628 nisi
737 3571 836 3642 prioris
851 3582 879 3629 et
894 3574 1051 3644 posterioris
1067 3589 1129 3630 sen·
1180 3572 1323 3644 posterior,
1332 3569 1377 3626 cui
1388 3581 1553 3642 pracceptum
1564 3569 1599 3626 sit
1609 3585 1659 3642 per
1668 3569 1807 3628 loannem
1818 3567 1936 3625 aratura
1957 3593 1958 3640 3

329 3678 378 3719 sus
389 3661 512 3719 ordinem
529 3662 706 3719 tenuerimus.
731 3663 796 3733 Quis
817 3666 889 3721 enirn
913 3664 957 3720 laic
980 3666 1129 3722 existimari
1179 3669 1350 3734 exspectaret
1364 3662 1498 3730 salutem,
1513 3660 1550 3738 (s)
1565 3671 1592 3718 et
1608 3661 1644 3718 ab
1657 3677 1693 3718 eo
1710 3663 1844 3734 baptizata
1856 3654 1936 3715 credit*
1957 3683 1958 3730 3

328 3751 512 3825 poteritdlius
525 3754 630 3820 senior,
644 3752 693 3824 qui
710 3755 810 3809 iturum
825 3769 855 3810 sc
871 3754 904 3809 ad
927 3770 995 3827 opus
1010 3771 1128 3829 aegaue·
1180 3757 1225 3814 rit.
1241 3756 1294 3813 Sed
1307 3755 1379 3828 quod
1394 3756 1440 3824 ait,
1457 3755 1637 3827 spopondisse
1651 3771 1716 3814 eam
1729 3757 1828 3813 ituram
1838 3771 1874 3824 se,
1884 3763 1938 3809 atu
1957 3791 1958 3796 η

329 3848 377 3915 rit,
393 3855 421 3904 ct
446 3862 494 3920 per
509 3846 696 3917 pteuiteutiam
711 3848 869 3904 emendatus
883 3863 916 3905 co
932 3865 1039 3905 rursum
1067 3866 1131 3922 pro·
1181 3849 1255 3917 isse;
1280 3847 1399 3904 ostendit
1418 3847 1567 3905 credidisse
1591 3863 1652 3904 earn
1675 3843 1958 3920 qrridetn·iaaati,rt't

329 3938 483 3996 lectussitl
498 3929 598 4010 Atquin
613 3938 696 3996 lsrael
720 3956 773 3995 aon
788 3939 932 4011 poeaitnit,
948 3941 996 3997 scd
1021 3943 1048 3998 in
1075 3942 1129 3999 llo·
1180 3943 1244 4029 quia
1263 3943 1447 4014 erattpelicam
1468 3940 1592 4014 accipere
1609 3941 1769 3998 doctrinam
1785 3958 1838 3999 noa
1856 3941 1896 3996 nisi
1907 3948 1940 4008 με

328 4033 433 4090 minum
446 4047 542 4090 manus
556 4032 656 4101 intulit,
671 4039 699 4088 et
711 4032 871 4089 universitas
880 4033 940 4105 ejus
952 4034 1037 4091 ileum
1050 4049 1129 4092 suum
1181 4035 1335 4108 passionem
1357 4035 1463 4091 Domini
1484 4049 1534 4107 per
1553 4033 1696 4109 apostolas
1720 4037 1811 4106 potnit
1831 4037 1888 4108 (tutu
1902 4031 1942 4086 teia

329 4125 414 4198 impio
427 4141 475 4182 ore
498 4123 642 4182 crucifixit.
666 4125 805 4182 iuniorem
821 4135 911 4182 autem
935 4143 1016 4199 quem
1031 4128 1131 4186 sentie-
1181 4137 1261 4186 erant
1280 4127 1405 4184 ltuntauac
1432 4126 1530 4184 salutis
1544 4139 1719 4184 sacramenta
1735 4125 1904 4202 peragendalt
1915 4135 1958 4184 sa.

329 4237 403 4290 anus,
416 4221 462 4293 qui
477 4220 578 4277 iturum
592 4235 623 4277 se
637 4219 823 4293 spoponderit,
837 4230 865 4277 et
878 4237 933 4279 aon
945 4222 1060 4280 abieriti
1075 4223 1130 4282 Sed
1175 4223 1238 4280 isse
1258 4239 1318 4279 eam
1340 4220 1482 4294 signifieat.
1506 4220 1629 4294 lienique
1648 4237 1705 4278 aon
1727 4222 1769 4278 ait
1792 4221 1941 4285 noluisses
1957 4227 1958 4284 ξ

331 4313 454 4384 gentium
467 4321 696 4386 peccatorumque
717 4313 793 4386 plebs
807 4313 836 4370 id
848 4313 920 4385 qttod
933 4317 1078 4387 spopondit
1092 4317 1132 4374 el·
1183 4332 1236 4373 non
1250 4317 1349 4374 abisse.
1369 4316 1424 4373 Res
1444 4325 1521 4373 extra
1536 4315 1644 4387 culpam
1661 4315 1835 4372 infidelitatis
1848 4309 1941 4384 estnev
1957 4299 1958 4348 3

333 4404 407 4462 lecic
434 4403 510 4462 Abiit
535 4406 629 4474 enirn,
653 4415 682 4462 et
700 4399 734 4461 ad
753 4421 823 4478 opus
841 4406 960 4478 ad-ouod
987 4409 1133 4468 vocabatur
1185 4413 1212 4471 in
1228 4412 1292 4470 lacti
1306 4421 1364 4470 erat
1377 4411 1535 4469 dilllcnltate
1548 4428 1582 4467 nc
1602 4411 1690 4467 lieret.
1707 4409 1769 4468 ilua
1787 4412 1866 4484 igitur
1877 4411 1958 4464 trees

332 4512 443 4570 egressa
456 4497 658 4570 estrnuomodo
673 4497 826 4572 ergo(lrlea
841 4513 903 4556 esse
918 4515 980 4572 que
991 4515 1044 4558 noa
1055 4501 1130 4573 abiit,
1185 4507 1232 4562 tim
1250 4505 1284 4562 ad
1303 4520 1372 4576 opus
1386 4505 1458 4576 quod
1479 4512 1643 4576 preceptum
1661 4512 1707 4561 est
1726 4504 1837 4570 neluit;
1856 4501 1896 4560 sed
1910 4512 1941 4568 pn

333 4590 487 4648 sentieturl
1144 4601 1266 4677 Dm
1280 4601 1320 4657 ire
1334 4597 1374 4674 (p)
1386 4613 1440 4656 uon
1456 4607 1570 4671 poterat,
1586 4613 1641 4654 nou
1655 4599 1696 4654 iit.
1710 4597 1740 4653 la
1754 4613 1790 4654 eo
1804 4598 1875 4654 enitn
1887 4609 1943 4650 near

367 4678 410 4740 ld.
423 4683 571 4755 Difficultas
582 4687 674 4756 altera,
686 4686 828 4760 puijuttior
840 4685 970 4744 obediens.
982 4718 1018 4731 -
1030 4689 1131 4748 Deinde
1185 4695 1272 4751 sitatis
1286 4707 1362 4750 mora
1374 4695 1434 4750 siae
1448 4693 1561 4749 crimine
1576 4692 1722 4748 voluntatis
1733 4690 1894 4748 ostenditur.

368 4801 407 4877 (a)
421 4801 539 4859 Verbum
552 4801 605 4860 hoc
617 4804 651 4860 ab
673 4803 786 4860 Erasme
804 4804 831 4860 itt
845 4803 901 4860 due
922 4803 1050 4873 diuisum,
1066 4816 1128 4875 puta
1218 4810 1258 4885 (d)
1270 4810 1331 4866 Par.
1347 4817 1482 4880 expuncta
1494 4808 1623 4878 particula
1633 4817 1670 4876 et,
1683 4822 1746 4864 cum
1761 4806 1824 4862 aliis
1834 4799 1947 4861 editissal·

332 4874 495 4948 1191111111,
516 4877 556 4929 111
568 4874 697 4944 (1111111111
710 4877 843 4940 0111111111,
867 4890 899 4931 111
913 4883 1043 4946 il'aelerfflt
1059 4877 1129 4948 apud
1179 4881 1299 4954 jtctemt,
1317 4897 1348 4937 rs
1358 4897 1387 4937 ea
1401 4879 1499 4935 silentii
1511 4880 1670 4935 necessitate.
1689 4879 1801 4936 llectius
1814 4877 1842 4932 la
1855 4891 1908 4931 mss
1920 4887 1946 4925 tr

333 4947 396 5003 Par.
418 4946 542 5003 nucereto
557 4960 606 5015 pro
620 4947 751 5003 miraculis
768 4947 943 5003 substitutum
963 4957 1015 5004 est.
1029 4949 1130 5006 Obser-
1183 4956 1335 5019 cessitatem,
1351 4960 1415 5024 puta
1428 4951 1526 5007 silendi
1542 4951 1613 5006 unde
1625 4951 1736 5008 loannis
1752 4957 1828 5006 essct
1840 4949 1958 5013 napum

333 5034 397 5075 rare
417 5028 459 5075 est
483 5015 639 5072 miraculum
653 5018 755 5075 llilaria
776 5017 903 5075 usitatum
915 5016 979 5075 ‘esse
997 5037 1047 5089 pra
1069 5031 1131 5092 actu
1220 5026 1258 5097 tc)
1276 5023 1387 5080 Carnut.
1403 5037 1454 5078 ms.
1476 5038 1538 5078 cum
1555 5023 1631 5079 Golb.
1649 5024 1821 5094 praeficeretur
1841 5016 1958 5090 ιβεεεὸι1

331 5089 483 5146 admirandi
497 5131 505 5156 ‚
519 5099 548 5145 et
557 5097 650 5145 contra
661 5089 857 5146 admirationem
872 5107 920 5161 pro
939 5105 970 5147 rc
982 5091 1109 5148 mirabili.
1184 5097 1324 5154 blallemus
1339 5093 1531 5167 praelipuraatis
1545 5095 1695 5166 efficietttits.

371 5161 409 5234 (ὁ)
428 5162 538 5229 dliouot
553 5174 618 5215 mss·
639 5161 739 5243 1111119,
751 5177 808 5228 aste
822 5179 873 5217 utra
885 5162 947 5216 odiit
962 5177 1020 5218 :ex
1035 5163 1132 5234 qulbus
1222 5167 1257 5241 (s)
1270 5169 1335 5224 Post
1352 5167 1510 5239 particulam
1526 5176 1549 5222 ct
1561 5166 1689 5223 reticetur
1702 5181 1783 5236 cam:
1796 5172 1852 5220 tum
1865 5163 1893 5216 el
1903 5169 1958 5215 teti

332 5231 409 5300 Par„
425 5250 454 5288 ca
464 5234 525 5298 itae,
540 5248 590 5305 pue
603 5247 655 5286 uon
666 5232 738 5286 abitt.
750 5231 921 5304 castigantur
932 5249 964 5290 ex
977 5233 1057 5304 idad„
1070 5235 1130 5303 Er..
1184 5240 1325 5302 loannem,
1346 5254 1400 5294 non
1421 5236 1455 5292 ad
1476 5237 1613 5294 Christum
1632 5239 1764 5294 relectus.
1776 5236 1901 5304 Quocirca
1917 5241 1958 5284 att

333 5301 409 5375 utps.
424 5313 452 5361 et
467 5304 695 5374 molacianense.
761 5373 768 5386 ,
1184 5312 1369 5380 rectpnnaun
1387 5307 1459 5378 quoa
1478 5309 1504 5364 n
1519 5323 1570 5365 ns.
1587 5309 1729 5366 trauecta.
1753 5318 1785 5365 at
1804 5310 1832 5363 n
1848 5305 1958 5363 rannaw

368 5375 406 5447 (c)
420 5374 574 5432 Pharisaeos
587 5374 639 5430 boc
657 5375 692 5430 de
711 5389 819 5430 scatere
838 5390 998 5444 responsum
1020 5375 1131 5434 dedisse
1185 5383 1271 5457 prima
1286 5397 1377 5446 manu,
1389 5389 1413 5435 ct
1425 5379 1457 5434 at
1468 5396 1497 5435 ee
1510 5382 1650 5452 baptizata,
1661 5379 1789 5436 crederet.

330 5461 405 5502 nunc
424 5444 548 5517 legimus.
564 5447 601 5502 st
622 5460 676 5502 noa
700 5444 793 5501 llilarii
809 5445 902 5511 modo,
918 5447 966 5503 sed
986 5457 1015 5504 et
1034 5447 1131 5506 lliero·
1221 5453 1258 5528 (p)
1274 5453 1338 5510 bad.
1354 5467 1415 5508 cum
1430 5465 1494 5507 mss.
1509 5451 1587 5510 Call).
1604 5461 1633 5508 et
1644 5451 1740 5518 Gara„
1755 5453 1792 5507 iri
1808 5467 1860 5506 nas
1872 5449 1958 5517 pars}

332 5519 406 5586 npmi
429 5517 594 5589 temporibus
606 5519 713 5589 vulgata
726 5522 785 5572 erat
801 5517 891 5584 lectio,
909 5533 957 5574 cas
965 5518 1066 5589 juniori
1082 5536 1131 5578 seu
1183 5523 1268 5582 'l'otus
1282 5526 1329 5582 ille
1344 5525 1431 5589 locus,
1448 5539 1482 5578 ne
1496 5523 1659 5582 culerraudi
1673 5511 1958 5584 commensurandi

329 5589 478 5646 norissima
491 5589 652 5644 obedientiae
666 5589 782 5660 palmam
800 5586 917 5644 dedisse.
939 5590 1015 5645 ltlam
1033 5601 1124 5648 tamen
1188 5607 1231 5653 est
1250 5593 1453 5668 expendendas.
1466 5595 1527 5651 Non
1541 5597 1613 5653 enim
1633 5595 1678 5650 tne
1697 5604 1781 5665 negat
1800 5593 1905 5648 llilan'us
1920 5599 1958 5664 teg

329 5659 367 5715 ita
389 5662 443 5716 reci
464 5660 484 5715 it
497 5657 688 5743 Hieronymus,
705 5660 786 5731 eique
805 5660 1056 5729 interpretationem
1076 5678 1123 5720 ac·
1178 5674 1304 5724 testatem
1320 5667 1480 5731 absolutam,
1494 5669 1542 5723 sed
1557 5684 1591 5724 ex
1603 5666 1773 5730 conditione,
1786 5679 1840 5736 qua
1852 5657 1958 5722 betslr}

329 5745 419 5786 11111111
455 5739 526 5786 111111
539 5731 657 5801 1111151111,
672 5738 740 5788 11111
753 5731 907 5795 admoneat.
922 5732 950 5786 t'tt
961 5733 1028 5788 aeris
1039 5751 1124 5792 ecem·
1178 5750 1313 5807 creuerat,
1326 5747 1355 5795 ut
1370 5738 1436 5795 tides
1451 5738 1574 5810 gentibus
1585 5753 1639 5796 non
1653 5735 1850 5808 praedicaretur
1860 5733 1958 5798 nisiptd

332 5801 446 5872 ptariltts
460 5819 511 5858 nott
520 5801 608 5857 laeteri
620 5802 850 5898 amissimum,sed
862 5804 985 5875 mimant-
1179 5812 1333 5884 passionem
1348 5809 1463 5870 Domini.
1479 5808 1539 5880 Qua
1551 5818 1658 5882 spectat
1671 5807 1739 5867 illud
1749 5807 1838 5877 Pauli,
1848 5797 1946 5876 penult
