4042 6342
112 319 167 380 {lib
741 337 926 401 redimiatur
944 344 1147 408 uenenatas.
1686 441 1689 444 ῃ
1719 375 1770 432 luo

111 455 181 514 ergo
195 446 336 512 potiuntur
348 449 400 505 alta
414 457 523 506 sclcrrta.
542 453 632 510 l‘ctcst
652 463 679 512 et
693 455 767 514 illinc
783 461 833 516 lroc
847 462 917 518 aliud
931 463 1015 536 Aqui
1033 477 1122 526 tamen
1146 473 1181 530 dc
1201 475 1263 544 lrdc,
1283 494 1335 550 qua
1364 481 1490 536 coelatura
1517 483 1624 543 Cluisto
1648 501 1771 562 apertum

110 535 211 593 cortici
231 554 433 610 sagrimentum.
456 543 505 612 Qui
530 543 639 602 Claristo
667 549 833 618 cohabitant,
864 554 919 612 illic
970 566 1406 644 sattctisnumquamnoupatcre
1425 578 1571 649 credimus,
1593 583 1773 644 adlmcdubi-

112 636 179 684 sunt
192 631 238 687 rubi
252 634 377 692 cbristus
391 649 432 692 est
448 638 539 710 :atqui
552 635 677 698 ctotstos
690 654 730 700 cst
742 645 768 701 in
781 647 876 702 cmlis:
891 647 917 703 in
971 664 1043 724 tam;
1067 661 1137 716 ultro
1152 663 1195 719 laic
1214 668 1368 738 experrduut
1390 670 1442 742 ipsi
1467 687 1601 732 ostimenta
1623 682 1769 752 praecipua,

112 731 193 788 coelis
209 734 301 806 itaque
318 747 382 793 sunt
398 739 444 812 qui
461 740 570 799 Glrristn
592 745 757 804 cohabitant.
775 749 859 806 Porro
873 751 919 822 qui
968 749 1066 817 tutibus
1087 755 1208 812 camdem
1226 758 1251 812 iu
1272 759 1392 817 Ecclesia
1413 778 1522 836 semper
1546 767 1770 838 rigatissenobis

112 822 141 878 iu
158 839 242 896 reparo
257 825 360 885 Christi
375 843 456 901 sunt,
469 832 576 891 Christo
590 838 747 897 cohabitant
762 859 768 896 :
785 842 824 898 illi
838 843 918 916 iyitur
967 845 1097 900 constitit.
1123 848 1156 903 ttt
1180 861 1313 924 martyres
1328 855 1436 928 quidem
1460 859 1530 916 coelo
1552 863 1671 933 gaudere
1689 869 1770 938 graeci

112 918 217 988 pariter
226 930 290 977 sunt
303 923 329 978 tn
341 926 427 982 coelis.
967 933 1096 1008 latinique
1109 937 1213 1008 Patres,
1222 944 1245 999 si
1257 961 1357 1016 paucos
1366 951 1488 1021 excipias
1498 954 1543 1024 qui
1554 955 1770 1018 millenariorum

149 1011 214 1066 217.
240 1014 378 1074 Penterea
399 1035 457 1088 eos,
484 1024 530 1095 qui
546 1035 606 1094 post
627 1026 696 1083 trane
716 1031 796 1085 uttam
817 1031 916 1089 carleti
967 1041 1061 1084 errore
1075 1029 1171 1087 itrrbuti
1186 1046 1270 1106 sunt,
1285 1055 1382 1112 niagno
1397 1059 1532 1103 consensu
1552 1047 1661 1106 ducent.
1683 1051 1769 1108 lurotu

112 1117 255 1164 consortes
270 1109 327 1166 lieri
339 1123 490 1182 merentur,
506 1115 600 1173 [aciem
619 1119 664 1176 liei
682 1124 780 1178 lntrtcri
802 1123 828 1178 in
842 1123 915 1181 Psal.
967 1119 1048 1177 lldem
1062 1137 1181 1183 nostram
1194 1129 1250 1201 jam
1269 1149 1328 1190 arvo
1343 1151 1392 1191 suo
1407 1152 1543 1211 receptam
1559 1145 1653 1213 probat
1675 1145 1768 1203 irenaei

111 1213 195 1267 exuta,
212 1217 287 1256 ιιιιιιι.
303 1202 331 1271 9,
348 1207 525 1264 nonobsctnc
540 1210 672 1282 signillat
685 1212 726 1269 ltis
737 1215 915 1272 verbis2llou
966 1222 1047 1284 atique
1069 1219 1229 1280 Tertulliani
1243 1227 1329 1296 labor,
1356 1241 1385 1287 ut
1404 1249 1463 1289 cam
1477 1250 1510 1291 ex
1530 1238 1628 1296 animis
1648 1240 1767 1298 bdelium

111 1307 213 1349 euntes
223 1297 316 1369 [aciem
327 1315 343 1352 u
353 1317 409 1366 rue;
423 1311 446 1356 et
456 1304 546 1358 similis
561 1321 604 1360 ero
615 1306 822 1364 descendentibus
833 1311 859 1364 iu
874 1311 914 1366 le·
966 1315 1235 1382 extorquentium
1249 1321 1353 1378 sincera
1369 1337 1515 1399 martyrum
1529 1340 1588 1386 acta
1603 1333 1766 1405 relegentes,

110 1401 179 1442 turta.
194 1385 425 1462 Lucnntpoendleut
441 1395 582 1467 inferorum
598 1400 682 1454 locum
697 1401 831 1477 Scriptum
846 1421 915 1458 eorrt-
966 1401 1009 1456 vix
1027 1418 1108 1459 uuum
1119 1411 1256 1480 reperient
1269 1413 1414 1486 lustinum,
1429 1421 1474 1490 qui
1486 1439 1539 1477 nou
1552 1425 1602 1481 nac
1612 1441 1662 1496 spe
1673 1445 1768 1500 passus

109 1493 282 1539 memorat...
299 1485 369 1559 Erqo
383 1488 433 1544 nisi
446 1489 526 1557 [ecies
545 1491 609 1557 Dei,
631 1495 675 1564 qui
693 1497 780 1565 utique
798 1495 915 1555 Claristne
965 1495 1011 1565 sit,
1028 1502 1098 1570 qnod
1110 1505 1485 1582 tnurieuscoelumrrrigraret.
1503 1515 1766 1594 llaociidem,quanr

107 1586 155 1644 est,
172 1579 217 1646 qui
230 1580 316 1652 iinoqo
330 1581 378 1638 Dei
393 1582 528 1639 irruisilailis
544 1597 597 1653 est,
611 1588 747 1662 ttadcuique
761 1604 850 1647 sancto
864 1593 912 1647 dd·
965 1602 1105 1672 conceptis
1118 1606 1208 1661 uerbis
1223 1609 1345 1680 plerique
1362 1613 1533 1684 ytrouteoun,
1549 1632 1623 1687 saepo
1644 1621 1713 1677 Deus
1728 1622 1768 1678 vi·

110 1673 188 1742 licerit
195 1690 205 1740 ;
223 1675 271 1728 erit
291 1674 345 1730 illis
366 1677 469 1746 sinaitis,
487 1681 531 1750 qni
556 1697 637 1746 poetroe
656 1683 752 1754 inperiti
771 1687 914 1758 deputatis
965 1693 1002 1749 sis
1016 1697 1161 1753 certiorem
1176 1700 1249 1758 iecit.
1266 1702 1341 1761 niteo
1360 1721 1424 1762 uero
1441 1708 1545 1778 publica
1562 1719 1636 1772 erat.
1652 1723 1681 1769 ut
1695 1731 1768 1772 mar-

108 1764 161 1820 uite
174 1765 223 1820 bec
235 1765 291 1822 siue
302 1783 347 1842 spe
360 1771 450 1838 quietis
460 1773 622 1830 excesserint.
636 1773 711 1830 Unde
721 1776 746 1831 iu
757 1777 827 1832 Psal.
838 1794 910 1846 carr,
966 1794 1039 1857 tyres
1051 1787 1150 1846 Claristi
1166 1793 1200 1848 de
1211 1809 1241 1849 ea
1256 1803 1285 1850 et
1298 1797 1457 1868 aiutticilsus
1472 1801 1528 1856 suis
1540 1803 1728 1877 interrogatos,
1741 1818 1770 1865 et

106 1871 137 1912 n.
158 1858 177 1913 l
196 1859 282 1914 lidum
297 1865 351 1930 jam
365 1860 451 1932 gloria
473 1863 601 1921 duriatum
616 1866 707 1924 dicere
720 1885 773 1925 nou
785 1871 909 1927 dubitat:
927 1858 1121 1939 Babernotcts
1135 1887 1240 1957 populis
1255 1888 1349 1945 irrisos
1363 1892 1558 1964 leganrns.Ncc
1571 1895 1630 1954 lere
1644 1901 1767 1970 ejusdem

106 1950 194 2100 eldam
221 1957 377 2028 coinsertus,
399 1957 479 2012 aeuioe
500 1969 666 2027 reseraturus,
694 1963 855 2035 glorificetur
884 1967 911 2021 in
964 1971 1029 2028 atei
1043 1975 1228 2035 testimouium
1247 1989 1291 2037 est
1309 1983 1353 2052 pia
1370 1984 1457 2054 plebis
1476 1985 1633 2046 christianae
1648 2007 1766 2051 consue·

128 2047 210 2102 bristo
222 2057 271 2103 est.

140 2143 206 2200 ata.
224 2145 340 2203 Aliunde
354 2147 434 2204 etiam
450 2156 571 2218 constat,
587 2167 722 2222 uurtquaru
737 2167 795 2208 cam
816 2152 909 2209 llilarii

104 2239 272 2295 senteutiam
288 2239 382 2308 luisse,
393 2243 594 2301 utnullisancto
604 2246 802 2316 atttejudiciutn
811 2249 908 2305 coelum

104 2340 222 2401 pateret.
234 2331 321 2405 liujus
335 2333 469 2406 hodieque
483 2335 585 2392 innuas
597 2353 655 2394 esse
673 2339 719 2411 qui
738 2339 764 2394 io
784 2340 909 2412 passione

105 2424 215 2480 Domini
232 2428 440 2497 resurrexerint,
456 2445 486 2486 se
498 2430 653 2488 existimare
666 2432 786 2488 declarat
796 2435 822 2489 iu
836 2435 907 2491 Psal.

107 2534 138 2585 n,
153 2537 181 2576 u.
196 2521 242 2576 att.
258 2519 349 2592 Neque
363 2539 424 2579 eum
439 2522 472 2580 de
492 2525 597 2580 Domini
613 2526 655 2582 sui
673 2527 839 2600 benignitate
854 2540 907 2586 tatu

109 2611 182 2667 male
204 2615 319 2670 sensisse
342 2615 514 2680 credideriut,
538 2627 566 2672 ut
587 2634 648 2674 curn
673 2621 701 2674 in
725 2620 797 2676 l‘sal.
824 2637 907 2691 arura,

110 2717 187 2758 uuur.
201 2703 247 2773 et,
263 2715 350 2763 narret
365 2723 427 2763 eunt
448 2706 588 2766 Virtutibus
608 2710 749 2766 celestibus
767 2712 909 2786 cuiatisque

107 2794 317 2856 Sanctoruntiter
327 2805 383 2877 ejus
397 2804 571 2873 preeuntibus
586 2805 685 2860 coeluut
700 2805 906 2873 conscentium

102 2885 228 2948 Christus
242 2895 334 2950 bestiis
347 2893 411 2950 illos
430 2895 590 2952 Sanctorum
610 2896 716 2953 attinens
739 2897 844 2954 itineris
866 2900 907 2956 sui

101 2987 218 3042 caunites
232 3003 338 3059 passus,
354 3005 401 3046 eos
411 3005 503 3047 secum
517 2994 543 3047 iu
560 2991 673 3062 patriam
687 2994 827 3050 coelestctn
839 2996 907 3050 reci-

102 3093 168 3150 pere
181 3081 343 3154 dedignatus
357 3085 402 3141 sit.
415 3085 500 3142 ltrrmo
512 3088 592 3143 etiarn
604 3096 665 3158 post
675 3087 774 3144 Christi
785 3089 812 3145 iu
823 3091 908 3147 coelos

963 2065 1039 2134 tudo,
1051 2083 1103 2139 qua
1117 2069 1151 2126 ad
1162 2076 1299 2147 martyres
1314 2075 1442 2134 lestioare
1460 2081 1594 2146 solebant,
1609 2099 1711 2157 cosque
1724 2103 1768 2144 ro·

961 2173 1037 2230 gare,
1053 2170 1083 2216 ut
1102 2179 1163 2219 catut
1184 2165 1217 2222 ad
1240 2168 1324 2224 Deum
1345 2169 1373 2224 iu
1388 2172 1485 2227 coelunt
1502 2176 1710 2247 peruenissent,
1725 2179 1767 2236 sui

962 2241 1107 2322 aputeum
1122 2273 1257 2316 moratores
1276 2277 1337 2319 esse
1354 2263 1541 2334 dignarentur.
1564 2269 1632 2336 lluid
1646 2286 1695 2327 cus
1710 2288 1767 2329 me·

961 2361 1099 2404 oraremus
1111 2351 1155 2420 qui
1166 2361 1314 2426 martyrum
1325 2365 1384 2412 acta
1394 2361 1624 2432 conscripserunt,
1632 2380 1693 2420 cum
1706 2367 1767 2423 illos

961 2439 1032 2494 coeln
1053 2456 1085 2496 ac
1099 2443 1156 2498 ileo
1172 2447 1251 2514 potiri
1261 2463 1340 2518 quam
1351 2449 1457 2520 plurimi
1473 2452 1636 2522 significent,
1647 2473 1681 2512 nc
1696 2473 1766 2514 uariis

960 2531 1069 2603 quidem
1085 2538 1185 2605 neqetl
1201 2539 1321 2610 Denique
1333 2541 1412 2596 ladem
1426 2545 1552 2602 eamdem
1563 2549 1626 2603 olim
1641 2551 1666 2603 iu
1678 2553 1766 2620 pubii-

960 2625 1000 2679 cis
1015 2625 1143 2683 Ecclesiae
1159 2632 1284 2700 precibus
1303 2634 1490 2706 consignatam
1513 2655 1566 2693 uon
1583 2641 1702 2712 neqolrit,
1718 2645 1765 2714 qni

960 2721 1100 2793 antiquum
1108 2720 1236 2780 Ordinem
1248 2727 1278 2781 tu
1289 2741 1410 2796 mannan,
1423 2743 1469 2786 ant
1487 2731 1594 2788 blissale
1606 2733 1763 2792 Gottliicuru

960 2813 1008 2872 tib.
1023 2831 1051 2870 ιιι
1063 2813 1097 2870 de
1111 2816 1231 2887 Liturteia
1246 2819 1343 2878 Gallie.
1358 2823 1473 2889 editum,
1489 2841 1593 2881 urcuon
1604 2826 1766 2884 Sacramen-

960 2907 1058 2961 taritrru
1072 2907 1251 2974 Gallicanum,
1266 2913 1366 2981 quode
1380 2930 1431 2968 ms.
1444 2919 1508 2970 aitte
1518 2932 1605 2972 arantis
1616 2917 1690 2975 anille
1705 2936 1765 2975 caa-

959 3007 1020 3058 ralo
1036 3007 1102 3055 torri.
1118 3019 1128 3058 ι
1141 3002 1232 3059 Musaei
1247 3005 1329 3060 italici
1346 3007 1478 3069 inscrtum
1491 3013 1544 3070 cst,
1560 3009 1668 3075 aliaque
1682 3010 1707 3065 id
1721 3025 1765 3082 ge·

960 3115 1009 3154 nris
1021 3115 1105 3156 sacrae
1115 3103 1283 3171 antiquitatis
1294 3113 1466 3159 momumento
1478 3104 1613 3160 cnrtsulct.
1629 3105 1689 3161 lam
1700 3122 1764 3163 vcro

104 3173 285 3244 adscensum,
303 3186 528 3252 protomartyrem
545 3179 711 3248 Steplranum
732 3196 765 3238 eo
788 3196 818 3237 se
832 3197 908 3240 rece·
959 3208 1021 3248 cum
1033 3195 1131 3250 coelunr
1145 3211 1198 3252 raon
1214 3196 1436 3268 sartgutsooner,
1447 3197 1495 3253 sed
1509 3198 1628 3254 ebaritas
1642 3199 1760 3268 aperiat;

101 3268 186 3339 pisse,
200 3284 232 3326 ac
247 3272 367 3328 retticnti
384 3273 411 3329 ei
425 3291 439 3328 ι
454 3274 534 3331 Patre
547 3275 574 3331 in
591 3275 756 3348 primoribus
775 3276 837 3332 coeli
858 3258 940 3334 occ
957 3299 990 3342 eo
1005 3287 1172 3360 martyribus
1195 3297 1310 3358 aperto,
1325 3290 1432 3344 ceteris
1446 3305 1555 3362 quoque
1574 3289 1655 3360 justis
1668 3296 1763 3362 patere

100 3375 210 3418 cursum
224 3379 286 3421 esse
299 3366 386 3422 innuli
399 3367 427 3422 in
451 3367 522 3423 Psal.
538 3383 612 3436 tutu,
628 3384 704 3424 ntim-
723 3369 750 3436 6,
767 3376 797 3423 ul
807 3370 842 3425 lbi
857 3371 906 3427 ob-
957 3378 1036 3436 lacilc
1048 3382 1240 3450 comprobatur
1253 3401 1261 3438 r
1275 3382 1356 3454 idque
1375 3397 1470 3438 reuera
1481 3383 1592 3438 Petrum
1603 3384 1762 3440 corurndetu

99 3456 265 3513 servabitur.
280 3456 356 3516 llatm
369 3475 477 3532 quoque
489 3471 650 3518 caeterorum
665 3461 812 3536 blartyrnm
826 3479 902 3535 spent
956 3474 1118 3532 auctoritate
1130 3481 1158 3531 et
1171 3474 1267 3531 iisdem
1277 3475 1334 3532 lere
1347 3474 1514 3547 argumentis
1526 3483 1694 3547 compertum
1711 3477 1760 3534 lta·

98 3547 186 3607 luisse
208 3560 258 3619 ut,
275 3555 399 3610 trinetatis
409 3555 581 3628 corporilms,
597 3559 623 3613 iu
638 3558 736 3614 coelum
752 3559 902 3626 evolarent,
956 3565 1074 3626 buimus.

97 3647 139 3706 sic
155 3651 181 3706 iu
196 3649 269 3710 Psal.
286 3670 351 3724 cxv,
368 3671 443 3712 nurn.
455 3656 502 3724 bb,
526 3659 685 3717 testificatur
699 3679 706 3714 ε
720 3659 774 3717 Per
788 3662 843 3718 lrtec
854 3663 904 3736 iqi-

97 3750 142 3796 ΜΓ
152 3759 247 3816 lim
262 3750 646 3822 Wllmmlllflsllml'llfi‘lssl'
659 3754 830 3810 testimonium
844 3771 903 3810 ⁶⁰r·
957 3767 1044 3842 titt.
1071 3786 1106 3827 ne
1119 3783 1220 3828 tuorem
1253 3785 1391 3828 unutssum
1407 3789 1414 3824 ι
1428 3787 1463 3827 ιιι
1491 3785 1604 3838 actenus
1634 3786 1760 3832 uiuamus

98 3852 165 3906 poro
187 3855 237 3893 sue
257 3837 410 3895 belecuustu
426 3853 558 3909 nouerant,
587 3853 614 3898 nt
630 3845 656 3900 in
680 3844 728 3902 tut
746 3848 861 3916 dentum,
875 3846 903 3902 id

97 3937 153 3998 est,
178 3931 206 3986 in
229 3933 336 3991 celestis
364 3935 487 3990 domicilii
515 3936 707 4006 iubilationem,
721 3941 903 3996 cotuurnntutis

97 4023 243 4080 bestiarum
253 4039 360 4082 suorum
376 4028 510 4098 sacrificiis
520 4029 668 4086 introirent.
684 4031 764 4090 Certe
777 4034 811 4098 si,
824 4041 851 4088 ut
865 4035 902 4090 ait
989 4023 1054 4080 2²⁰·
1073 4023 1188 4096 Scfibsll
1202 4040 1257 4081 ¹¹⁰⁰
1271 4026 1307 4079 1¹³
1321 4024 1423 4094 iridem
1439 4025 1480 4080 lif
1495 4023 1698 4090 celeberrimus,
1711 4025 1757 4082 lli·

96 4117 271 4187 Ambrosius,
283 4119 363 4190 epist.
384 4119 419 4175 29
434 4120 466 4175 ad
482 4121 613 4177 leenaeom
626 4165 633 4190 ‚
646 4139 720 4178 aum,
743 4125 770 4191 8,
790 4125 845 4197 tp„
864 4133 901 4181 eet
954 4116 1013 4173 larii
1037 4117 1070 4173 de
1083 4117 1186 4188 judicio
1205 4117 1352 4174 novissimo
1374 4133 1427 4172 nou
1444 4116 1582 4173 lercndum
1602 4130 1662 4173 esse
1681 4132 1757 4171 erro-

95 4209 315 4270 Dominuedesus
330 4231 458 4270 sumntum
473 4215 581 4284 tortum,
597 4231 669 4288 agre
684 4215 827 4274 admodum
841 4235 902 4291 per·
954 4229 1023 4269 rem.
1039 4214 1078 4268 Ac
1089 4213 1153 4268 licet
1163 4213 1190 4267 in
1203 4228 1258 4284 quo
1273 4214 1341 4267 situs
1355 4212 1392 4267 sit
1407 4212 1453 4267 ille
1468 4226 1563 4276 error,
1579 4209 1614 4264 ibi
1636 4225 1688 4264 rruu
1704 4209 1754 4264 tle-

96 4305 151 4375 cipi
167 4314 267 4376 potest,
296 4309 433 4379 quomodo
456 4309 484 4376 ii,
503 4309 601 4380 qnilnrs
625 4311 783 4366 scortantium
805 4307 902 4367 citrini
952 4300 1752 4374 claret,anteatameosatissignificatitarrcceusurarusuaur

1216 3880 1249 3921 bl
1266 3880 1301 3923 tto
1320 3879 1496 3922 excaventur.

94 4415 166 4454 mors
180 4401 334 4470 acquisivit,
354 4419 407 4458 nort
422 4402 545 4458 lruautur
559 4403 763 4468 summobono,
778 4415 824 4460 aut
846 4420 900 4461 trun
953 4397 1017 4454 inid
1033 4397 1142 4466 cadere,
1158 4397 1229 4466 quod
1244 4398 1269 4452 iu
1293 4395 1365 4453 Psal.
1380 4411 1390 4450 1
1403 4437 1410 4462 ,
1431 4411 1458 4450 u.
1475 4395 1520 4456 tu.
1536 4395 1572 4450 ait
1586 4413 1593 4450 :
1605 4393 1670 4450 Cum
1685 4397 1754 4450 eninr

93 4505 203 4546 summe
214 4491 306 4550 felices
316 4493 385 4560 sint;
399 4495 553 4551 ntaximeett
563 4495 696 4551 sententia
709 4495 802 4551 Hilarii
817 4510 900 4568 supe·
952 4491 1015 4547 dicit
1024 4507 1051 4548 :t
1064 4491 1114 4560 Qui
1125 4491 1206 4547 credit
1214 4491 1242 4546 in
1256 4507 1296 4545 me
1309 4506 1361 4545 neu
1370 4487 1561 4564 judicatione»
1572 4491 1663 4546 exemit
1673 4490 1750 4566 judi·

94 4583 171 4641 riore
187 4585 202 4658 ς
217 4586 362 4657 explicata,
376 4604 428 4660 qua
442 4586 579 4645 Christum
593 4590 673 4644 etiam
688 4589 835 4646 secundum
850 4591 900 4648 lto-
951 4585 990 4640 cic
1003 4585 1135 4656 fideles;et
1145 4601 1204 4639 cunt
1218 4583 1343 4658 subjecit:
1354 4610 1365 4636 i
1377 4582 1428 4649 Qui
1439 4592 1585 4637 autemnon
1595 4583 1677 4638 credit
1691 4588 1750 4653 jem

93 4680 197 4734 minem
213 4687 297 4734 ttttttm
320 4681 402 4735 lletuu
425 4681 578 4752 prolatelur.
593 4681 627 4736 tta
649 4697 712 4738 uero
736 4683 805 4740 libro
825 4699 842 4740 x
863 4683 897 4740 de
910 4668 938 4731 D
945 4681 1081 4756 judicatus
1101 4689 1155 4745 ert,
1172 4699 1181 4734 ι
1198 4695 1248 4734 tren
1260 4677 1365 4734 admisit
1384 4677 1419 4732 ud
1433 4677 1562 4752 judicium
1575 4677 1710 4748 infideles,¹
1722 4686 1750 4734 et

93 4770 171 4826 Trio.
188 4789 216 4826 u.
239 4771 285 4840 bt,
309 4771 441 4829 latronem
451 4772 554 4828 illinisti
568 4773 652 4845 requi,
669 4775 740 4844 equod
755 4773 897 4833 cntrlcssus
951 4791 1025 4832 num.
1044 4775 1076 4830 li
1091 4791 1101 4830 .·
1117 4772 1170 4830 Sed
1185 4773 1305 4838 oduuino
1318 4771 1346 4826 in
1360 4771 1489 4827 credentes
1502 4787 1555 4826 reon
1573 4771 1753 4843 credentesque

91 4868 193 4928 luerat.
206 4867 247 4924 sic
258 4877 410 4925 corisorteru
425 4868 500 4936 iacit,
514 4877 543 4924 ut
557 4871 583 4924 in
599 4883 632 4924 eo
644 4886 697 4925 non
713 4870 897 4941 qualemcum·
945 4869 1059 4943 judicie,
1075 4883 1180 4922 eausam
1202 4862 1328 4920 Dorrrinut
1346 4864 1442 4935 judicii
1465 4877 1489 4919 et
1508 4875 1625 4919 auctores
1642 4865 1670 4918 iu
1686 4880 1751 4934 quos

91 4979 148 5035 que
159 4963 327 5032 felicitatem,
341 4962 389 5020 sed
405 4975 590 5020 censunrnuuce
608 4965 771 5021 beatitudiuis
791 4966 896 5022 delicies
946 4962 1061 5035 judicari
1074 4978 1174 5017 necesse
1192 4970 1274 5028 esset,
1292 4960 1398 5034 adjecit.
1415 4958 1482 5016 Sunt
1496 4961 1563 5014 enim
1586 4959 1666 5031 aliqui
1683 4959 1750 5015 inter

90 5057 127 5114 sit
141 5057 268 5128 adeptus.
947 5055 1040 5126 incipies
1053 5054 1158 5125 piosque
1169 5052 1212 5123 qui
1225 5051 1304 5105 medii
1316 5053 1377 5119 sint,
1391 5060 1541 5122 eculeoque
1553 5050 1672 5116 admisti,
1686 5068 1750 5106 neu-

127 5151 194 5208 ata.
216 5149 291 5207 ttaoc
310 5152 343 5208 de
357 5151 490 5223 juratorum
506 5167 521 5208 a
537 5153 615 5209 nattis
631 5153 804 5226 originarium
823 5161 894 5210 statu
946 5148 981 5202 ert
995 5158 1079 5202 tenuo
1094 5146 1209 5218 monade,
1224 5145 1284 5218 quta
1298 5144 1325 5199 in
1338 5144 1451 5216 idipsum
1466 5146 1666 5249 consistentium
1678 5153 1749 5199 iitro-

90 5245 304 5316 disputatiouem
318 5247 451 5304 curiosius
461 5247 606 5316 yrrosecuti,
622 5263 654 5302 an
668 5249 708 5303 cis
718 5245 816 5303 coelum
830 5263 895 5302 cou-
945 5255 1013 5312 qum
1026 5255 1072 5295 nee
1091 5237 1152 5311 fidei
1166 5236 1333 5302 admiscendi.
1349 5238 1453 5308 quierit
1468 5237 1522 5291 illis
1536 5238 1639 5340 nlsqrrrd.
1652 5237 1747 5340 enfide·

90 5340 169 5394 tinno
182 5337 279 5394 donari
294 5339 369 5394 lirma
390 5340 519 5396 Ecclesia
541 5340 686 5397 traditione
709 5341 893 5397 demonstrari
946 5334 1026 5391 lituris
1062 5339 1203 5400 tomum
1232 5349 1278 5387 ⁷1⁶⁶
1314 5329 1461 5402 infidelitati
1499 5329 1649 5433 deputendr,
1679 5343 1748 5433 ,Μ

89 5441 198 5505 posset,
224 5431 422 5502 inquisivimus.
444 5433 513 5491 llinc
533 5450 586 5488 ιιιιιι
601 5435 705 5490 modica
726 5441 817 5504 parata
835 5442 893 5490 erat
945 5430 1044 5503 aliquid
1056 5428 1167 5484 babebat
1179 5436 1205 5483 et
1218 5427 1291 5499 fidei.
1309 5424 1342 5480 Et
1357 5431 1511 5526 postpauca
1527 5437 1536 5476 s
1552 5420 1587 5474 lla
1601 5438 1661 5490 erqo
1671 5421 1746 5490 yade-

88 5525 261 5590 dissertatio,
277 5525 303 5582 in
320 5544 372 5599 qua
396 5527 484 5598 primo
508 5527 627 5599 quidde
650 5527 812 5600 martyribus
835 5535 891 5583 tutu
946 5530 1081 5590 dabuntur,
1101 5521 1145 5593 qui
1171 5536 1250 5592 neque
1272 5526 1302 5573 ut
1325 5517 1439 5620 piiuon
1449 5512 1644 5588 iudicabuntur,
1666 5527 1747 5614 neque

87 5620 153 5694 quid
168 5621 205 5676 de
218 5621 323 5677 ueteris
334 5622 414 5694 justis
425 5621 542 5692 majores
555 5621 640 5678 nostri
656 5622 801 5690 senserint,
813 5636 893 5694 expo
942 5623 1000 5695 juna
1031 5615 1125 5688 suerint
1150 5622 1179 5668 ut
1212 5611 1285 5682 impii
1313 5607 1437 5682 judicnn.
1472 5603 1549 5673 quon
1583 5616 1690 5657 rursum
1716 5618 1743 5658 ¹¹¹

87 5717 222 5774 uebatur.
239 5714 293 5771 Sed
307 5733 340 5772 nc
354 5717 485 5788 prelatio,
499 5733 560 5791 quae
573 5716 748 5788 modumjanr
761 5715 889 5784 excessit,
946 5709 1020 5770 esu.
1034 5724 1098 5774 curt,
1110 5724 1138 5763 n·
1155 5706 1183 5770 7.
1197 5702 1326 5775 elll'lss'd‘·
1610 5787 1616 5799 Ι
1716 5789 1733 5802 ..

85 5811 115 5867 in
129 5809 299 5865 immensum
313 5819 425 5877 crescat,
437 5819 466 5867 et
475 5827 510 5868 ue
523 5822 600 5870 extra
615 5809 709 5866 llilarii
723 5810 809 5866 nostri
824 5809 892 5866 fines
981 5786 1745 5894 bil.lamnlimntouueratOrigenestcm.t,edtt.llnctn,

84 5914 244 5962 excurrere
255 5901 399 5973 uideamur,
411 5921 470 5962 eam
482 5906 702 5980 supprimendam
712 5904 848 5963 duximus.
863 5903 893 5962 st
946 5916 973 5974 p.
987 5900 1033 5969 lb,
1046 5895 1193 5957 nortatullos
1206 5892 1250 5950 bis
1259 5887 1349 5947 verbis
1362 5901 1370 5941 ι
1387 5887 1489 5944 Psalnu
1503 5875 1585 5933 :ldeo
1599 5895 1650 5934 non
1659 5896 1749 5938 rerur-

339 5999 476 6061 l‘trnor..
500 5999 558 6062 tx.
1424 5978 1444 6041 ᾖ
