4042 6342
93 351 147 408 201
710 349 812 406 Pisum
836 347 974 406 onhlhltt
994 347 1120 407 suado.
1696 355 1750 412 202

91 466 120 522 in
136 467 195 536 cius
211 467 346 524 honorem
362 467 522 525 construxit.
536 467 703 537 Quamquam
719 465 788 522 beati
805 465 896 521 iride-
910 478 937 536 Α
949 463 1009 518 illos
1023 465 1087 520 harri
1102 467 1238 524 rutilantia
1250 469 1325 542 sigua
1339 470 1467 524 virtutum
1479 509 1486 533 ‚
1499 475 1526 524 et
1540 467 1599 524 istis
1612 480 1752 528 accrescat

90 557 140 615 lini
156 559 233 626 uita,
249 561 276 615 in
292 577 346 632 qua
362 561 421 617 haec
434 560 529 618 relcrri
548 559 705 630 perhibetur
724 558 852 625 historia,
868 559 896 614 io
948 557 1067 616 lelicium
1081 564 1205 619 cumulus
1229 564 1399 620 meritorum.
1422 564 1557 620 Praeterea
1577 563 1701 620 nonnulli
1716 565 1750 620 h·

90 665 192 708 manus
218 661 329 710 nostras
352 667 522 725 nequaquam
538 651 687 708 devenerit.
699 649 752 708 Sed
767 648 838 723 qttod
853 651 897 708 lrlo
948 647 1025 707 deles
1040 651 1141 710 ideirco
1156 664 1344 726 postmortem
1361 656 1471 713 tumulis
1490 655 1642 712 editoribus
1661 657 1751 714 inclu-

89 744 224 813 tcriptunr
251 753 310 810 est,
336 744 437 802 indicio
460 744 585 801 iraterna
608 744 747 801 relationis
769 743 894 801 innotuit.
948 742 1059 813 duntur,
1074 757 1106 804 ut
1119 750 1161 805 sui
1176 754 1335 808 memoriam
1355 750 1508 808 uirentibus
1527 751 1669 824 ingerant,
1685 769 1752 826 qua-

88 835 156 894 llaec
171 839 254 911 igitur
268 837 350 911 liuius
374 855 459 896 sacrae
472 837 651 896 solemnitatis
665 847 707 896 est
720 853 810 895 causa.
832 837 897 895 llaec
948 844 1028 896 tenus
1049 840 1091 898 eis
1113 842 1272 914 impendere
1294 845 1402 917 pietatis
1424 844 1514 901 otlicia
1535 861 1589 901 nnn
1612 847 1750 902 omittant.

87 931 248 990 ueneranda
262 932 429 990 celebritatis
442 932 581 990 hodierum
593 933 716 1000 materia,
728 943 755 990 ot
766 935 793 988 in
808 941 896 989 trans-
947 930 1017 990 ilinc
1028 942 1088 1003 est,
1102 937 1174 1006 uuorl
1187 940 1326 1010 sepultura
1339 952 1451 997 tumtur
1463 955 1497 997 ex
1511 955 1587 997 more
1600 943 1748 998 memoria:

89 1025 196 1082 latioris
218 1027 289 1083 sacri
314 1026 437 1099 eorporis
451 1027 548 1084 merito
567 1025 682 1100 gaudeat
701 1027 777 1100 plebs
798 1026 894 1084 deuota
947 1025 1052 1084 scilicet
1066 1038 1095 1082 ut
1111 1044 1160 1100 per
1179 1046 1239 1087 carn
1258 1045 1445 1090 memorentur
1465 1032 1537 1101 uiui,
1556 1044 1584 1090 ct
1601 1035 1751 1107 percipiant

67 1118 894 1198 ¹bdeliumcuidependitexscquiasexercitusAngelorum.
947 1118 1116 1191 refrigerium
1137 1125 1246 1181 mortni.

124 1214 153 1272 l·
177 1213 264 1272 Porro
283 1223 372 1272 autem
393 1230 426 1271 ex
441 1215 585 1272 occasione
599 1215 760 1273 veneronum
776 1216 894 1272 transla-
982 1213 1009 1270 6.
1032 1213 1085 1272 Scd
1104 1216 1168 1288 guid
1187 1219 1323 1290 est,quod
1341 1221 1464 1280 nonnulli
1481 1221 1646 1280 Sanctarum
1661 1229 1751 1278 tanto·

87 1307 175 1366 tionis
191 1307 286 1380 hujus,
302 1318 330 1366 et
344 1321 442 1365 caetera
459 1309 530 1366 boati
544 1310 594 1365 riri
608 1322 684 1383 gesta
704 1310 781 1367 uoltis
793 1311 818 1365 iu
839 1325 896 1366 rue·
947 1321 1011 1378 pere
1024 1309 1184 1366 studuerunt
1195 1313 1253 1369 suis
1271 1316 1412 1384 prouidere
1424 1319 1548 1390 scpulcra
1567 1333 1623 1388 cur,
1634 1317 1750 1376 orihusi

87 1403 206 1459 moriam
219 1401 334 1460 redeunt
345 1421 351 1458 :
362 1413 393 1458 ιιι
404 1419 465 1474 epure
477 1403 564 1475 iungis
576 1412 639 1460 ante
651 1404 819 1474 temporibus
833 1413 896 1460 sunt
947 1402 1084 1461 Abraham
1099 1421 1196 1477 nempe
1214 1409 1419 1484 quadringentis
1439 1417 1543 1488 argenti
1564 1415 1638 1472 siclis
1652 1431 1667 1470 a
1690 1413 1751 1472 uitis

88 1506 219 1568 peracta,
236 1495 337 1552 urostris
352 1511 423 1554 nunc
437 1497 546 1554 reducta
566 1497 757 1567 conspectibus
777 1497 894 1570 qurrdatn
947 1495 1017 1554 lieth
1032 1498 1188 1568 speluncam
1203 1497 1338 1574 duplicem
1351 1517 1500 1579 crumperet.
1514 1507 1635 1566 incohet
1649 1507 1751 1580 luseplt

88 1589 174 1646 niodo
188 1589 306 1648 recentia
321 1591 463 1647 uideantur
477 1601 506 1648 ct
520 1605 599 1646 rroua.
620 1590 680 1647 llox
696 1591 768 1648 euim
790 1600 820 1648 ut
837 1591 894 1648 dis·
947 1589 980 1645 ad
996 1591 1121 1648 eamdem
1136 1594 1293 1667 speluncam
1310 1609 1395 1656 totum
1407 1600 1464 1668 jam
1484 1601 1565 1659 animi
1585 1602 1751 1659 desiderium

89 1695 188 1755 putare
202 1685 236 1743 de
250 1687 414 1742 venerahilis
425 1687 474 1742 uiri
485 1686 569 1758 gestis
589 1687 750 1758 incipimus,
771 1687 895 1756 protinus
947 1684 1059 1742 teutluut
1076 1685 1154 1763 (Gen.
1170 1706 1252 1760 xxru,
1268 1690 1330 1766 16),
1342 1703 1368 1749 ct
1382 1708 1497 1764 curpnra
1511 1709 1560 1751 sua
1574 1706 1634 1764 post
1646 1697 1750 1754 obitum

88 1777 210 1835 occurrh
237 1779 391 1845 mernorlar,
417 1795 498 1852 quam
523 1779 739 1852 impenetrabilis
766 1773 894 1838 Ecclesiae
947 1777 993 1834 ilio
1008 1780 1169 1852 perirreuda
1182 1782 1345 1854 deposcunt.
1357 1785 1427 1855 Quid
1441 1803 1507 1861 ergo
1521 1789 1655 1858 cst‚quod
1670 1805 1752 1847 sane·

89 1885 187 1926 murus
203 1871 391 1930 hereticorum
404 1873 465 1929 telis
475 1873 621 1939 obstiterit,
633 1889 713 1944 rprtaur
726 1874 893 1945 insirprralri-
907 1881 932 1942 Β
947 1872 965 1926 ti
980 1870 1160 1939 Patriarehm,
1173 1875 1219 1944 utri
1240 1891 1271 1933 ae
1298 1879 1433 1948 puluerem
1446 1890 1472 1936 ct
1485 1881 1605 1937 cinerem
1618 1895 1679 1938 esse
1692 1897 1752 1953 pet-

88 1962 614 2038 lispraliatorperuersuntAriauorum
630 1969 727 2038 dogma
747 1971 893 2039 gratiaco.
946 1963 1040 2032 epicure
1063 1968 1228 2038 perhibent,
1252 1969 1297 2042 qui
1320 1981 1395 2028 certe
1415 1987 1528 2043 corpora
1550 1981 1578 2030 et
1600 1974 1752 2048 corporalia

91 2055 892 2134 thelicaeveritatisobtriterlt.Necilluduaeat,tpuudcutrr
946 2071 1063 2129 qoaeoue
1087 2062 1239 2118 roelestium
1264 2065 1496 2135 oorrteurplatiuue
1519 2065 1691 2140 despiciunt.
1723 2069 1752 2126 in

90 2155 224 2213 aduersus
240 2157 427 2215 hereticorum
448 2157 587 2231 perlidiutn
604 2168 783 2230 pugnaturus,
800 2159 894 2218 Seleu·
945 2150 1162 2210 Ctrarranaeurum
1178 2165 1249 2213 terra
1264 2173 1380 2230 corpora
1394 2176 1442 2215 sua
1457 2160 1599 2232 qutieseerc
1614 2172 1688 2220 tauto
1702 2162 1753 2222 de-

90 2249 158 2306 clam
173 2248 284 2306 isauriae
301 2251 427 2322 oppidum
449 2262 571 2322 peteret,
593 2253 681 2322 puella
700 2253 809 2324 gentilis
824 2251 892 2308 diri·
946 2243 1047 2302 siderio
1068 2249 1281 2320 crrncupiscunti
1300 2253 1356 2309 Cur
1375 2254 1449 2311 illum
1469 2257 1642 2328 precatoris
1660 2257 1754 2316 mundi

92 2345 165 2399 nitus
178 2345 287 2409 edocta,
297 2347 382 2402 sancti
393 2344 894 2404 sacerdotisdenuntiaritads-cutumz
947 2341 1068 2411 partibus
1082 2343 1165 2413 urrieti
1179 2360 1236 2400 stra
1251 2346 1401 2413 prevident
1415 2349 1523 2418 lucum,
1539 2351 1591 2406 nisi
1605 2351 1677 2422 rprnd
1704 2357 1754 2408 tiu·

92 2445 172 2508 atrpu·¹
187 2435 323 2495 ideonum
340 2449 415 2510 patre
435 2439 591 2507 Florentio,
607 2449 717 2512 totague
732 2439 832 2496 tanrilla
854 2439 896 2496 dl·
948 2448 1035 2488 mauae
1050 2435 1145 2490 saliuis
1158 2447 1297 2493 tractorem
1314 2439 1369 2496 ihic
1384 2453 1516 2497 nrrrrmnt
1530 2445 1564 2500 de
1579 2459 1629 2501 suo
1649 2446 1754 2501 semine

95 2528 154 2584 uini
168 2529 336 2601 baptismatis
350 2531 448 2589 meruit
462 2532 601 2603 suscipere
616 2545 826 2590 sacramentum.
841 2531 898 2590 Nec
948 2527 1136 2583 naseiturunrr
1151 2527 1220 2588 illuc
1239 2540 1299 2598 esi,
1317 2533 1388 2602 rpurrd
1408 2532 1491 2592 larnb
1512 2537 1594 2594 illium
1615 2554 1693 2594 strum
1708 2539 1755 2596 Jo-

98 2622 164 2681 illud
178 2627 274 2682 excitu
287 2628 392 2700 insigne
406 2629 583 2699 miraculum,
606 2628 678 2700 qtrnd
700 2629 726 2683 in
747 2628 896 2687 Gallinaria
948 2620 1016 2691 seph
1030 2623 1172 2690 obsecrat,
1188 2623 1301 2682 dicens:
1315 2626 1346 2685 Si
1357 2629 1442 2682 inueni
1453 2631 1563 2702 gratiam
1573 2631 1602 2686 iu
1615 2643 1753 2707 cuniperto

100 2717 184 2774 insula
200 2720 351 2776 imruauiutu
371 2707 539 2793 serpentium
561 2733 693 2779 venenata
709 2721 798 2780 rabies
813 2724 897 2780 uirtu-
948 2724 1003 2781 ιιι,
1018 2732 1085 2788 iim
1098 2719 1264 2775 ’6066613ιῦ
1278 2723 1453 2792 senilium,
1469 2731 1493 2779 tl
1507 2726 1585 2796 [πῖθι
1600 2725 1663 2780 illidi
1677 2726 1754 2783 mite·

99 2821 151 2868 ictu
162 2819 214 2869 taut
224 2815 346 2884 praeclari
355 2815 494 2872 Purrtldcis
504 2815 575 2872 lcrre
586 2830 639 2871 nou
651 2817 752 2887 potuim
766 2813 813 2872 sed
829 2827 897 2871 tarn·
947 2809 1078 2866 &cardian
1105 2821 1126 2866 ιι
1139 2813 1281 2873 ueritatem,
1297 2824 1325 2867 ut
1338 2833 1390 2870 nort
1404 2816 1514 2882 sepelias
1526 2834 1567 2874 ure
1578 2820 1605 2872 iu
1617 2817 1750 2892 AEggpro,

95 2921 174 2975 qoam
189 2907 317 2964 ltrlmiueo
332 2905 439 2980 fragore
455 2908 611 2978 perterrita,
631 2908 692 2962 tilis
705 2909 786 2964 etiarn
806 2908 895 2966 bactrii
947 2905 993 2960 ted
1008 2906 1134 2960 dorttu'urn
1149 2923 1208 2961 cure
1223 2907 1338 2979 putribus
1353 2909 1432 2974 mma,
1448 2918 1471 2963 et
1487 2912 1591 2981 truserat
1605 2927 1645 2965 nte
1659 2911 1691 2966 de
1705 2911 1754 2967 boc

95 3009 206 3066 metam,
218 3016 299 3072 uorum
310 3003 368 3073 ipse
382 2999 545 3072 praelixerat,
557 2999 750 3056 transceudere
761 3015 813 3055 nou
829 3017 897 3070 prur-
949 3006 1032 3062 terro,
1047 3001 1194 3070 condasque
1218 3001 1246 3053 in
1264 3000 1383 3068 sepulcro
1404 3003 1532 3075 majoram
1548 3000 1632 3075 (Gerr.
1656 3019 1752 3074 suun,

93 3096 278 3167 surriperent
293 3107 321 3152 et
336 3096 402 3152 illud
415 3095 893 3165 memoriaeconsequenteroccurrit,
948 3088 984 3146 29
999 3102 1024 3148 et
1036 3093 1102 3163 56).
1117 3092 1172 3147 Cur
1186 3103 1275 3148 autern
1291 3092 1324 3147 ad
1340 3094 1533 3150 condrurandm
1545 3109 1613 3166 spon
1631 3097 1700 3153 ionis
1715 3100 1757 3154 in·

93 3190 163 3260 qrrod
177 3191 249 3246 idem
263 3189 388 3262 egregius
403 3187 523 3262 pontilex
538 3203 652 3261 puerum
668 3188 728 3243 siue
746 3188 832 3260 gratia
854 3203 897 3242 rc·
948 3184 1049 3241 dicium
1059 3228 1067 3248 ,
1079 3183 1164 3243 laroh
1178 3203 1287 3242 manum
1302 3187 1349 3243 sthi
1362 3188 1477 3259 supponi
1491 3190 1532 3244 sui
1548 3187 1696 3248 lenioribus
1709 3209 1757 3264 pe-

92 3284 277 3355 gerreratinnis
292 3287 475 3352 exstinctum,
491 3299 545 3341 uon
561 3283 642 3338 modo
657 3280 737 3338 matri
750 3283 887 3339 resuscita·
910 3287 933 3352 c
951 3279 1011 3347 tiit,
1028 3280 1078 3335 nisi
1094 3281 1156 3350 «prtia
1171 3281 1265 3352 illum,
1282 3284 1326 3353 rpri
1343 3298 1446 3339 summa
1459 3285 1558 3340 ueritas
1572 3298 1633 3355 est,
1646 3287 1681 3344 de
1693 3305 1756 3360 pro·

93 3387 149 3434 tuna
164 3389 193 3436 et
207 3377 369 3436 incolumem
383 3377 518 3446 reddidit,
539 3377 587 3435 sed
607 3389 634 3434 et
649 3391 722 3432 uerae
742 3374 804 3432 ddei
818 3375 895 3431 rudi·
950 3374 1010 3444 prio
1024 3374 1129 3428 semiue
1144 3373 1344 3446 propagandum
1360 3390 1420 3432 esse
1434 3377 1579 3440 coenavit?
1600 3377 1657 3434 illis
1673 3381 1755 3451 igitur

92 3471 194 3528 mentis
209 3473 370 3529 instructum
385 3481 486 3530 sauctae
501 3470 630 3528 Ecclesiae
654 3470 716 3526 liliis
732 3471 895 3542 aggregarit.
951 3472 1032 3520 terrac
1048 3465 1147 3520 ltuibus
1160 3465 1233 3522 beari
1247 3465 1362 3538 uirijrru
1378 3467 1535 3525 medullitus
1545 3471 1750 3542 aggliscebant,

93 3564 156 3622 pff
172 3566 266 3639 13pr
281 3581 307 3624 θ,
328 3568 380 3626 311,
400 3570 484 3624 mup,
502 3569 631 3623 uirtutum
647 3565 705 3636 ,jus
721 3565 834 3636 insignia
850 3580 899 3620 no·
949 3574 1031 3631 quam
1043 3576 1090 3631 per
1102 3560 1225 3632 spiritum
1238 3561 1294 3635 iam
1307 3564 1454 3620 cernebant
1466 3564 1617 3623 saltaturis
1631 3567 1754 3640 uestigiis

91 3657 134 3716 bis
152 3675 188 3716 ex
204 3661 348 3717 occasione
368 3660 529 3717 reiterandae
543 3659 624 3730 hujus
645 3657 830 3715 translationis
850 3673 898 3715 oc·
950 3655 1048 3722 atteri,
1063 3671 1143 3726 quam
1158 3656 1185 3711 in
1199 3656 1374 3714 interioribus
1386 3657 1472 3715 oeulis
1483 3659 1539 3730 jam
1553 3661 1680 3717 uidebant
1693 3679 1756 3733 pre-

92 3761 224 3822 currunt,
247 3771 307 3826 qum
326 3770 376 3812 nos
405 3755 439 3812 ad
460 3770 581 3814 amorem
604 3759 650 3817 liei
678 3771 705 3816 et
726 3756 897 3815 ulcumiuuem
951 3747 1024 3803 tlosn
1039 3747 1171 3805 buruiuici
1186 3752 1309 3821 corporis
1328 3754 1459 3824 sanguiue
1478 3755 1639 3825 purpurari:
1655 3755 1757 3814 utillic

92 3848 220 3921 preclari
234 3847 314 3919 hujus
325 3849 473 3908 sacerdotis
485 3853 646 3910 accendunt.
661 3853 743 3909 Plane
756 3868 816 3910 cnut
830 3849 900 3908 urul-
951 3857 1046 3900 currum
1057 3859 1171 3918 corpora
1182 3861 1257 3902 stram
1268 3857 1445 3919 expectarent
1455 3851 1698 3918 resurrectionem,
1710 3851 1756 3909 ubi

93 3952 184 3999 torum
207 3943 397 4001 translationes
415 3946 548 4015 iustorum
569 3959 661 4004 sancta
683 3957 826 4004 teneretur
846 3945 898 4003 Ec·
950 3949 1169 3997 resurrecturum
1185 3943 1649 4016 essecogrroscehantipsumbeatm
1663 3963 1756 4005 resur·

94 4037 198 4108 alesia,
223 4053 284 4108 uttan
311 4038 449 4112 diligentia
478 4049 627 4109 procurata
652 4051 715 4098 sunt
741 4041 898 4110 horuirmm;
950 4031 1080 4090 rectionis
1093 4044 1242 4094 auctorem-

93 4143 201 4202 quatuo
222 4129 374 4189 deuotionis
393 4131 483 4189 studio
503 4132 561 4190 trec
581 4143 624 4190 est
642 4132 801 4190 solrrurriter
820 4149 899 4190 reco-
989 4129 1015 4185 7.
1032 4127 1074 4186 Ad
1089 4129 1160 4185 hunc
1173 4140 1202 4187 et
1217 4148 1286 4199 uos,
1302 4133 1490 4203 dilectissimi,
1507 4135 1676 4204 perspicuum
1692 4151 1754 4192 nos·

94 4224 198 4291 lenda,
214 4237 275 4299 qum
290 4225 358 4281 iacta
374 4236 416 4282 est
430 4225 555 4282 manilius
570 4225 755 4298 Angelorumi
951 4233 1000 4278 trae
1029 4222 1128 4280 metuis
1146 4227 1233 4281 aciem
1246 4225 1403 4297 dirigamus.
1418 4229 1459 4282 hd
1478 4226 1548 4283 hunc
1568 4227 1631 4282 tlurn
1654 4228 1753 4298 pedum

131 4319 162 4378 ὅ.
187 4319 242 4378 Sed
262 4319 325 4392 quaid
345 4328 403 4388 eet,
423 4317 494 4392 anrd
516 4319 599 4393 hluysi
619 4333 719 4390 corpus
740 4321 797 4390 ipse
811 4332 901 4386 perse
952 4317 1142 4388 progressione
1162 4333 1215 4373 nou
1230 4333 1391 4388 possruuus,
1404 4321 1544 4377 asturensis
1558 4321 1682 4379 desiderii
1699 4322 1756 4380 les·

97 4409 232 4468 Dominus
246 4411 384 4482 sepelivit,
400 4422 427 4468 et
442 4421 530 4468 tamen
545 4411 699 4481 septrlcrum
712 4411 771 4481 eius
783 4409 901 4466 bomini·
953 4404 1082 4466 tiuatiune
1097 4408 1239 4465 tendamus
1252 4429 1259 4464 ε
1272 4419 1299 4466 et
1313 4410 1375 4466 dum
1388 4420 1546 4470 sanctorum
1571 4414 1755 4484 quorumlibet

98 4502 150 4561 hus
165 4507 335 4562 innotescere
349 4505 449 4574 noluit;
466 4505 537 4562 beati
548 4521 613 4562 ucrn
624 4505 716 4562 llilarii
729 4519 829 4574 corpus
848 4517 901 4558 uon
952 4503 1075 4576 reliquiis
1099 4505 1188 4576 digua
1203 4503 1357 4561 deuotionis
1376 4510 1556 4564 reuerentiam
1576 4509 1753 4583 exhibuimus,

97 4601 183 4657 modo
196 4615 288 4658 ootarm
303 4601 456 4661 lrumiuibus
477 4618 526 4674 per
538 4601 657 4672 Angelus
677 4601 830 4666 transtulit,
852 4597 900 4654 sod
953 4597 986 4653 ad
1002 4596 1068 4653 illud
1083 4613 1166 4654 unutu
1180 4606 1209 4655 et
1222 4597 1359 4670 singulare
1372 4614 1472 4670 corpus
1486 4612 1585 4660 nursinae
1598 4604 1696 4660 mentis
1710 4603 1755 4659 di·

99 4702 128 4750 et
142 4694 211 4749 tanti
228 4695 271 4747 hu·
283 4695 339 4750 oris
351 4694 465 4767 gloriam
480 4696 604 4752 citatius
624 4693 752 4752 Ecclesim
771 4709 899 4750 reteren-
914 4684 1071 4762 Drigamos
1085 4701 1223 4756 notatum,
1239 4690 1310 4762 quod
1326 4689 1352 4746 in
1372 4701 1491 4761 paternae
1506 4697 1653 4766 majestatis
1665 4697 1753 4768 gloria

99 4787 165 4844 tiam
189 4787 365 4845 sublimaritl
389 4789 426 4845 lie
450 4788 542 4863 lloyse
565 4790 664 4861 qutippe
687 4789 817 4860 scriptum
840 4795 899 4844 est:
954 4785 1092 4842 credimus
1106 4783 1278 4841 ineffabiliter
1291 4784 1496 4843 sublimitatum.
1509 4787 1556 4845 llla
1569 4791 1696 4848 nimirum
1710 4801 1754 4848 est

99 4880 223 4938 liortntu
235 4893 271 4936 cst
290 4880 327 4936 rii
346 4869 450 4954 linguar
463 4897 550 4938 serrat
563 4880 668 4938 Domini
681 4881 709 4936 in
723 4891 790 4936 terro
806 4878 899 4947 boui,
955 4885 1038 4948 terra,
1053 4878 1098 4938 cui
1114 4890 1177 4938 tunc
1190 4879 1261 4937 beati
1276 4878 1441 4939 Patriarchac
1451 4895 1531 4956 atque
1542 4883 1685 4958 Prophetae
1706 4901 1753 4942 su·

95 4977 206 5050 )ιιιιιιιιι
225 4974 346 5042 Domino,
360 4986 385 5033 ct
395 4977 510 5048 repetiuit
523 4993 581 5032 ettru
600 4976 627 5032 iu
647 4975 714 5031 nulle
732 4984 807 5030 terro
822 4973 900 5030 lloolr
954 4973 1112 5043 spirabant,
1126 4973 1200 5030 lacte
1213 4973 1316 5032 scilicet
1330 4982 1358 5031 et
1372 4975 1453 5032 melle
1463 4978 1592 5033 mananti.
1606 4977 1659 5035 Lae
1668 4979 1752 5050 sinui·

99 5079 193 5124 contra
207 5065 325 5143 Plrogar,
340 5079 363 5124 er
376 5085 427 5124 utun
448 5069 564 5142 cognorit
584 5068 660 5123 horno
679 5067 826 5140 sepulcrum
845 5068 901 5136 ajat
954 5063 1017 5121 dem
1031 5063 1066 5121 de
1079 5065 1169 5120 carinis
1180 5065 1307 5122 uberibus
1315 5063 1432 5138 produit.
1443 5069 1497 5124 mol
1507 5084 1571 5125 uero
1582 5069 1617 5126 de
1627 5072 1752 5138 superiu-

99 5162 222 5236 usquein
236 5175 386 5234 proettrricut
399 5164 467 5218 dirru
481 5162 579 5237 (ilem.
595 5177 691 5228 xurtu,
707 5161 760 5218 bet
773 5159 816 5228 6).
831 5159 900 5229 Quid
951 5157 1026 5214 ribus¹
1041 5161 1126 5214 uenit.
1141 5159 1173 5213 lit
1190 5158 1252 5226 rpuia
1272 5159 1422 5218 substantia
1441 5161 1704 5243 bumiuirieorpuris
1715 5182 1750 5225 ex

98 5265 140 5309 est
155 5269 234 5327 ergo.
249 5255 321 5329 quod
336 5256 380 5313 illc
394 5257 522 5320 tremitur,
546 5254 595 5309 iste
616 5269 681 5310 uero
699 5253 819 5325 qurrtidie
838 5267 899 5308 cum
952 5249 1070 5323 Virginis
1078 5251 1227 5306 uisceribus
1239 5252 1482 5323 prodiit,dirinitas
1493 5266 1582 5312 autem
1596 5275 1628 5312 er
1641 5279 1645 5324 p
1656 5267 1751 5315 aterna

99 5355 174 5404 tarrta
197 5349 282 5419 glorta
306 5349 465 5406 christiane
488 5347 640 5406 deuotionis
669 5346 807 5403 iurisituri
830 5344 900 5414 Quid
952 5345 1094 5415 majestate
1108 5344 1455 5419 descendit3recteeurpus
1467 5349 1617 5407 saluatoris
1626 5361 1696 5405 term
1709 5352 1753 5406 di·

96 5448 157 5504 est,
174 5442 302 5511 iuquam,
317 5443 388 5514 quod
404 5442 509 5515 llnyses
528 5441 563 5497 ab
582 5440 721 5496 bominum
744 5438 836 5494 notitia
858 5455 901 5493 re·
951 5439 1022 5496 citur
1037 5437 1265 5506 reprumissiouis.
1276 5437 1342 5508 Quae
1355 5441 1481 5497 niurirum
1496 5453 1564 5496 terra
1580 5442 1651 5496 lacte
1669 5445 1750 5499 sinrul

97 5541 235 5601 mouetur,
250 5532 301 5589 nisi
314 5545 344 5590 ιιι
356 5533 464 5591 tollatur
476 5534 592 5593 occasio.
608 5551 640 5588 ue
655 5533 699 5606 qui
715 5539 768 5588 tarn
785 5532 839 5590 lieo
852 5548 898 5588 ca·
950 5543 977 5590 et
986 5532 1066 5588 melle
1074 5532 1160 5588 liuere
1169 5530 1277 5594 dicitur,
1285 5533 1347 5602 rpuia
1362 5534 1582 5604 inlteriemptnris
1594 5534 1678 5588 nostri
1690 5551 1751 5589 cnr·

96 5638 145 5681 rus
158 5635 187 5680 rt
200 5623 340 5682 familiaris
351 5629 486 5685 exstitisse
498 5629 677 5701 cognoscitur,
691 5625 799 5683 diritius
812 5628 899 5683 horror
949 5638 1016 5697 pore
1029 5634 1058 5680 et
1071 5623 1220 5680 salustautla
1234 5639 1299 5680 rere
1314 5633 1343 5680 et
1357 5625 1471 5681 dulcedo
1484 5635 1525 5680 cst
1537 5623 1678 5680 irreliahiti
1690 5625 1750 5682 dei·

98 5717 134 5774 ilti
146 5719 181 5775 ab
194 5717 348 5776 israeliticae
365 5721 450 5791 plebis
464 5722 573 5793 pertidia
585 5720 754 5792 praebeatur?
768 5719 897 5788 lleliuuo-
949 5717 1022 5775 tatis.
1036 5714 1132 5788 luipso
1145 5717 1229 5785 euim,
1243 5719 1314 5772 sicut
1329 5717 1473 5785 ilpmtolus
1486 5717 1533 5779 nit,
1546 5715 1649 5770 habitat
1658 5719 1750 5777 orrrnin

96 5828 158 5870 ram
172 5828 242 5872 reto
255 5812 413 5872 Sanctorum
428 5830 542 5887 corpora
556 5830 610 5872 non
625 5815 762 5870 celantur:
783 5821 812 5870 ιιι
832 5812 897 5868 dum
948 5811 1090 5886 plenitudo
1110 5809 1256 5868 diuinitatis
1273 5811 1463 5884 corporaliter,
1478 5815 1506 5864 et
1517 5807 1598 5864 aubi:
1613 5807 1753 5870 hauserat

96 5905 265 5966 Christianae
278 5906 426 5967 deuotionis
439 5906 643 5982 irequentantur
654 5921 782 5978 accessu,
803 5913 832 5965 ct
850 5920 898 5979 per
949 5906 977 5963 irr
986 5903 1089 5964 Christo
1100 5901 1269 5962 remucilions
1279 5902 1406 5960 mandant
1415 5901 1463 5960 rili
1477 5899 1513 5974 (ll
1525 5897 1585 5957 Gor.
1598 5918 1627 5972 u,
1640 5903 1695 5973 ll).
1709 5904 1751 5963 Ad

321 6001 530 6067 annuntii.
1394 5998 1416 6061 7
