4042 6342
1225 158 1643 217 TRACTATUS
1680 157 1747 216 ΙΝ
1783 156 2044 217 cxhvttl
2081 158 2431 219 PsALtttJM.
3372 163 3480 222 882

107 247 141 305 ῃ
686 295 767 343 ;.ι;
795 277 895 332 sive
917 276 1099 343 Sedes,
1127 276 1232 332 sive
1251 274 1658 341 Dominationes,
1681 274 1785 329 sive
1809 276 1862 335 Α
1887 273 2083 332 labiles
2110 276 2414 333 creationes
2441 292 2589 334 nunc
2623 278 2689 335 ad
2724 243 2940 336 laudem
2973 278 3067 335 Dei
3095 267 3258 337 luisse
3291 292 3483 339 nume·-

108 373 196 419 ιιι
212 366 405 406 ff*
452 369 495 382 ““
713 369 1012 442 micantes,
1027 369 1198 424 omnia
1217 384 1308 440 per
1331 369 1501 439 ipsum
1527 377 1573 422 et
1589 370 1642 421 in
1668 367 1778 438 ipso
1880 375 2050 434 rataS,
2072 368 2165 426 sed
2187 384 2281 425 eas
2300 384 2423 440 quae
2452 370 2504 425 in
2532 373 2846 430 aeternitatis
2868 381 2995 430 snut
3018 371 3091 445 (c)
3119 373 3480 432 substantiam

132 455 153 502 '-
196 463 331 499 .ιη-ς
372 463 419 486 .-.
484 465 493 474 -

616 465 645 482 ’·
690 467 800 517 '‹·ss.
836 479 873 529 ι,
905 464 971 519 15
995 473 1041 518 et
1066 462 1178 535 16).
1218 462 1288 517 Et
1322 461 1597 533 Sapientia
1623 460 1690 517 de
1719 477 1780 517 se

664 556 761 624 '‘510
792 572 927 609 eram
952 555 1095 625 apud
1129 555 1279 610 illum
1298 553 1779 624 contponens3mt'lti

656 668 663 674 -
714 649 970 701 laetaretur
1012 646 1133 702 orbe
1175 646 1402 718 perfecto
1434 645 1618 719 (Pron.
1654 661 1770 715 vttt,

560 741 740 810 θυμω
785 740 1107 809 ambiguitas
1136 740 1503 810 intelligentiae
1523 782 1539 805 ,
1569 747 1625 795 et
1656 741 1775 795 novi

442 839 455 848 ·
492 835 587 870 Ῥω·
606 844 619 871 ·
643 834 824 888 wenti
855 836 1174 890 auctoritate
1199 835 1442 890 convicta
1467 876 1484 903 ,
1516 834 1659 890 Patri
1689 833 1775 890 Fi-

494 928 689 980 unm-‚ta
723 936 1029 983 manentem
1062 927 1114 983 in
1143 926 1368 984 creandi
1392 926 1578 982 mnndi
1609 942 1773 983 exor-

110 553 489 602 [stu-“-

110 651 369 693 -ι-..Γ
448 646 505 678 ¹¹¹·

110 732 347 787 ῐιιι--ιι
398 747 417 762 ·

112 841 291 879 ΙΨ*

108 934 173 971 -
252 933 379 968 ,11

404 2068 517 2111 nni,
550 2045 943 2102 revelationem
975 2044 1208 2101 illiorum
1240 2045 1337 2101 Dei
1365 2052 1708 2115 exspectent,
1740 2061 1772 2102 a

433 2155 533 2193 -ωε,
577 2138 802 2193 servitio
844 2137 895 2192 in
936 2136 1276 2196 conformem
1319 2153 1506 2195 eorum
1543 2137 1770 2211 gloriam

436 2267 467 2282 -.
510 2229 884 2286 Contuendum
912 2239 1091 2285 autem
1123 2239 1237 2299 est,
1268 2231 1321 2285 in
1351 2230 1437 2288 his
1467 2231 1766 2300 creaturis,

475 2324 656 2379 culum
703 2324 888 2380 saeculi
926 2331 1055 2379 sunt
1098 2333 1317 2389 statuta,
1359 2338 1536 2393 neque
1571 2325 1771 2381 coelnm

110 1026 173 1070 .
224 1037 233 1052 ι

108 1122 171 1161 ΙΕ-
204 1151 214 1159 .
508 1132 597 1160 ιιιιι
624 1131 721 1167 non
749 1113 1086 1170 dissoluendoe
1104 1113 1172 1168 ad
1192 1113 1398 1170 laudem
1428 1112 1527 1169 Dei
1547 1113 1771 1168 invitan-

110 1214 231 1255 nt
264 1219 273 1230 ·
500 1223 602 1256 mm
634 1205 995 1271 dissolventur,
1027 1206 1273 1261 mandato
1308 1205 1441 1270 Dei,
1474 1221 1576 1260 non
1617 1214 1772 1259 natu-

108 1308 209 1352 Ιε
460 1310 642 1352 ··oent.
687 1327 759 1339 -
805 1299 1033 1355 Causam
1083 1299 1246 1356 etiam
1293 1298 1555 1371 propheta
1607 1298 1767 1353 aliam

108 1389 163 1463 μ
194 1421 213 1434 -
471 1402 579 1445 ecit
605 1410 618 1446 ε
653 1391 909 1455 Quoniam
935 1380 1213 1466 ipse'dixit,
1239 1402 1287 1447 ct
1311 1396 1453 1463 sacta
1478 1401 1634 1460 sunt,·
1659 1392 1773 1460 ipse

108 1489 179 1540 D
496 1499 538 1536 --e
559 1492 733 1538 creata
757 1494 913 1548 sunt,·
942 1484 1119 1539 statuit
1147 1499 1207 1539 ea
1227 1484 1281 1537 in
1299 1483 1547 1538 soecttlum
1570 1482 1767 1538 soeculi.

108 1586 213 1634 t·-
294 1595 351 1612 ···
448 1595 576 1632 num
605 1593 671 1633 ex
715 1577 884 1632 nihilo
908 1575 1197 1633 substituta
1216 1616 1234 1642 ,
1265 1583 1323 1631 et
1346 1573 1570 1647 gratiam
1604 1572 1773 1647 ew

108 1685 193 1729 ju,

108 1777 127 1821 t
360 1789 429 1809 -·
476 1770 771 1821 uanitatem
804 1766 922 1835 ejus
951 1774 1007 1821 et
1035 1765 1292 1820 virtutem
1321 1764 1635 1830 sentientia,
1674 1778 1770 1834 per

108 1874 167 1911 r·
421 1875 541 1915 uere
557 1875 618 1915 se
638 1860 842 1914 sentire
864 1865 1166 1930 coeperunt.
1198 1857 1392 1913 vivunt
1411 1869 1591 1913 autem
1613 1856 1771 1924 adeo,

108 1956 151 2005 b·
374 1979 429 2004 -··
477 1952 737 2007 saeculum
791 1952 972 2007 saeeuti
1024 1960 1300 2018 maneant,
1345 1960 1423 2020 et,
1473 1951 1771 2008 secundum

108 2049 113 2093 l

108 2146 129 2191 Ε.

432 2459 439 2467 .
494 2424 900 2472 munumentum
949 2423 1312 2487 nuncupatur,
1348 2431 1523 2486 neque
1567 2423 1768 2472 terram
1808 2430 1811 2434 ·

431 2533 475 2563 ..ι
516 2511 654 2565 dieta
695 2519 801 2578 est,
850 2507 929 2581 (b)
963 2518 1350 2565 connumerata
1395 2508 1563 2566 fuisse
1596 2526 1610 2563 ι
1643 2509 1769 2580 quia

418 2604 610 2671 .,‚hctis
638 2603 840 2658 dictum
872 2603 970 2668 sit,
1005 2600 1144 2658 Ecce
1177 2618 1270 2674 eqo
1297 2604 1431 2675 facio
1460 2602 1643 2657 coelum
1670 2619 1768 2657 no·-

432 2711 599 2748 ‹7-r111u
638 2709 821 2748 novam
848 2693 1003 2767 (Esa.
1030 2709 1162 2761 mxv,
1197 2692 1309 2768 17),
1336 2704 1394 2751 et
1420 2693 1680 2750 Dominus
1711 2695 1769 2751 in

419 2790 468 2840 'o
496 2787 693 2843 dixerit
721 2803 734 2842 :
762 2784 954 2843 Coelum
983 2795 1034 2842 et
1068 2795 1207 2842 terra
1233 2787 1584 2857 praeteribunt,
1619 2787 1771 2843 verba

410 2897 470 2934 ea
500 2897 599 2933 non
626 2869 951 2948 praeteribunt
979 2877 1192 2951 (Manli.
1223 2893 1368 2942 xxtv,
1404 2876 1496 2950 55)
1523 2896 1536 2933 ε
1561 2877 1630 2935 de
1649 2879 1770 2950 qui-

393 3009 402 3025 .
437 2973 595 3042 nujus
617 2972 723 3028 loci
752 2985 934 3028 sermo
953 2981 1056 3027 cst.
1081 2971 1311 3028 Tantum
1332 2970 1462 3028 illud
1486 2971 1552 3027 ad
1580 2972 1768 3028 admo-

1880 462 2210 519 constitutae.
2241 466 2320 519 Ac
2344 479 2412 519 ne
2434 463 2597 533 sorte,
2624 468 2767 535 quod
2789 468 2843 524 in
2872 476 3135 524 :eternum
3168 480 3475 535 manerent,

1881 554 2125 609 naturale
2147 554 2255 611 illis
2282 570 2405 612 esse
2433 571 2501 613 ex
2528 558 2843 615 substantiae
2864 558 3200 616 beatitudine
3225 559 3478 616 credere·

1886 652 2006 710 tur;
2037 646 2302 718 subjecit,
2337 646 2662 720 Praeceptum
2690 653 2893 724 posuit,
2923 660 2971 708 et
3010 668 3116 707 non
3145 653 3427 724 praeteribit
3457 669 3477 709 .·

1881 745 1941 793 ut
1984 737 2089 794 boc
2129 741 2271 810 quod
2302 749 2447 806 sunt,
2495 743 2548 798 id
2579 753 2697 813 est,
2725 754 2781 802 ut
2822 753 3078 802 maneant
3107 747 3161 803 in
3189 757 3476 814 aeternnm,

1878 844 1985 885 non
2015 840 2221 887 naturae
2247 849 2360 888 suae
2399 849 2520 891 esse
2551 836 2889 909 intelligant,
2927 837 3021 894 sed
3063 839 3315 910 praecepti
3356 839 3476 909 ejus

1876 924 1966 989 sit,
1998 925 2089 995 qui
2119 932 2309 995 potens
2335 929 2406 983 sit
2428 931 2587 987 rebus
2606 946 2675 987 ex
2706 930 2875 987 nihilo
2897 932 3201 990 substitutis
3222 941 3471 990 naturam

1877 1016 2199 1072 :eternitatis
2226 1016 2440 1074 afferre.
2465 1019 2580 1076 Non
2601 1022 2768 1089 enim,
2794 1021 2985 1093 inquit,
3010 1023 3307 1093 praeteribit
3333 1040 3471 1093 prae-

1875 1115 2115 1178 ceptum,
2150 1107 2201 1162 id
2232 1118 2336 1177 est,
2365 1111 2600 1169 mandati
2630 1114 2747 1185 ejus
2774 1130 2885 1170 non
2914 1115 3018 1170 erit
3043 1114 3165 1170 finis
3199 1134 3213 1171 :
3246 1115 3329 1189 (d)
3349 1115 3472 1189 quia

1875 1199 1930 1257 in
1981 1209 2243 1255 aeternnm
2298 1213 2570 1271 maneant,
2628 1205 2822 1277 quibus
2880 1206 3240 1264 :eternitatem
3290 1207 3475 1265 Virtus

1874 1295 2197 1351 aeternitatis
2228 1294 2467 1352 indulsit.

1947 1384 2000 1441 6.
2037 1385 2140 1454 Qui
2166 1386 2332 1443 Deum
2358 1388 2569 1443 laudent
2590 1391 2839 1448 inanima.
2869 1422 2940 1435 -
2958 1392 3087 1449 Post
3112 1408 3233 1465 qum
3258 1409 3471 1451 rursum

1873 1487 2087 1536 terrena
2111 1490 2305 1537 caetera
2334 1481 2666 1539 advocantur
2693 1486 2760 1541 ad
2790 1485 3028 1555 laudem,
3062 1502 3184 1559 quoe
3210 1488 3313 1543 etsi
3356 1502 3464 1544 non

1871 1576 2054 1631 omnia
2084 1584 2211 1630 sunt
2239 1574 2433 1632 luorum
2460 1577 2762 1633 coelestium
2808 1587 2865 1634 ct
2894 1578 3175 1637 beatorum
3210 1580 3473 1637 bonorum

414 1683 501 1725 mn
528 1683 674 1733 snm.
705 1670 949 1727 Creatori
976 1685 1074 1726 suo
1099 1670 1301 1727 debent
1326 1668 1404 1743 (a)
1440 1684 1565 1724 cum
1602 1682 1768 1724 sensu
1796 1688 1846 1747 13
1873 1670 2168 1733 consortia,
2203 1670 2395 1740 partim
2430 1686 2526 1741 per
2555 1670 2975 1728 irrationabilem
3008 1688 3249 1737 sensum,
3278 1674 3473 1745 partim

1877 1776 1975 1833 per
2005 1761 2349 1817 inanimalem
2380 1771 2648 1830 naturam,
2681 1764 2873 1835 partim
2918 1780 3012 1835 per
3047 1765 3349 1837 impietatis
3389 1766 3473 1822 ol‘-

1873 1853 2119 1920 l'ensam;
2154 1861 2332 1909 tamen
2365 1852 2534 1910 Deum
2565 1854 2766 1926 perid,
2794 1855 2941 1927 quod
2989 1856 3111 1911 talia
3148 1868 3280 1912 sunt
3321 1856 3479 1912 insti·

1875 1952 2008 2011 tnta,
2044 1946 2157 2015 ipsa
2186 1946 2541 2002 institutionis
2572 1947 2624 2003 in
2648 1962 2708 2003 se
2738 1947 2936 2004 habitae
2964 1947 3305 2019 providentia
3331 1964 3472 2020 prae-

1874 2036 2075 2093 dicant.
2110 2039 2200 2093 Ait
2225 2040 2368 2095 enim
2399 2041 2491 2107 ita,
2528 2040 2693 2098 Vsus.
2721 2042 2860 2098 7-12
2888 2042 3159 2099 :Laudate
3183 2042 3470 2099 Dominum

1874 2129 1938 2183 dc
1959 2140 2094 2184 terra
2118 2130 2367 2186 dracones
2399 2140 2447 2185 et
2471 2147 2647 2187 omnes
2668 2133 2861 2205 abyssi.
2886 2132 3056 2205 lanis,
3090 2134 3315 2205 arando,
3355 2135 3469 2201 nix,

1873 2223 2195 2295 crystallum,
2219 2223 2431 2302 spiritus
2462 2225 2727 2293 procelloe,
2761 2242 2876 2296 quce
2907 2226 3103 2294 faciunt
3137 2226 3294 2281 verba
3322 2220 3437 2299 ejus
3460 2268 3472 2292 ,

1871 2325 2069 2372 montes
2097 2325 2143 2371 et
2164 2332 2336 2372 omnes
2366 2316 2543 2383 colles,
2572 2317 2712 2389 liqna
2737 2316 2900 2392 647
2923 2319 3197 2391 fructifera
3217 2330 3266 2377 et
3301 2336 3477 2376 omnes

1875 2409 2040 2477 cedri,
2072 2409 2245 2466 bestioe
2275 2419 2325 2465 et
2355 2412 2593 2467 uniuersa
2626 2428 2834 2481 pecora,
2870 2424 3128 2484 serpentes
3165 2423 3214 2470 et
3245 2416 3478 2471 uolucres

1873 2512 2129 2574 pennatoe,
2160 2519 2306 2575 reyes
2328 2515 2479 2562 terroe
2507 2487 2758 2561 et'omnes
2784 2508 2985 2578 populi,
3015 2507 3276 2579 principes
3294 2518 3340 2563 ct
3366 2525 3478 2564 om-

1873 2612 1961 2651 nes
1979 2596 2186 2667 judices
2212 2607 2382 2664 terne,
2404 2602 2616 2672 juvenes
2636 2607 2684 2653 et
2708 2600 2951 2670 virgines,
2982 2600 3208 2656 seniores
3237 2616 3355 2656 cum
3383 2601 3481 2671 ju-

1872 2690 2107 2747 nioribus
2138 2691 2347 2747 laudent
2381 2709 2565 2748 nomen
2605 2690 2841 2749 Domini.
2880 2693 3075 2749 Omnia
3118 2694 3331 2750 laudem
3376 2693 3472 2749 Dei

1870 2784 2187 2853 concinunt,
2229 2786 2352 2841 licet
2377 2785 2625 2859 quaedam
2650 2800 2815 2841 sensu
2845 2785 3021 2841 laudis
3053 2787 3291 2842 carentia
3322 2785 3433 2840 sint
3458 2802 3473 2851 ;

1871 2877 1966 2934 sed
1992 2892 2088 2948 per
2112 2878 2462 2934 institutionis
2489 2878 2733 2935 ordinem
2762 2879 3187 2950 qualitatemque
3213 2877 3468 2949 gignendi

1871 2972 2202 3043 praeconium
2222 2973 2499 3029 creatoris
2518 2973 2829 3030 ostendunt.
2859 2973 3070 3029 Detenti
3096 2972 3149 3028 in
3181 2982 3323 3028 terra
3351 2972 3474 3028 dra·

418 3086 428 3118 t
465 3063 999 3122 commemorandum
1043 3079 1074 3119 a
1112 3065 1268 3122 nobis
1298 3064 1417 3134 luit,
1450 3080 1560 3123 non
1591 3066 1768 3123 disso-
1795 3082 1842 3148 C
1873 3084 2061 3141 coneS‚
2089 3087 2384 3145 eorumque
2412 3073 2594 3144 plures
2619 3071 2675 3128 in
2701 3071 2914 3144 abyssis
2946 3070 3184 3130 demersi
3216 3088 3232 3127 ε
3270 3076 3330 3129 ut
3367 3082 3471 3127 nos

380 3295 409 3324 n
444 3271 625 3336 editis,
659 3287 778 3327 cum
805 3285 1013 3325 sensum
1046 3270 1161 3325 vitoe
1184 3284 1314 3334 suce,
1339 3269 1562 3325 bonitate
1586 3271 1700 3343 ejus
1729 3280 1776 3326 et

394 3371 399 3380 ·
428 3357 470 3397 et
502 3345 790 3409 scientiam,
823 3358 914 3411 per
952 3358 1101 3410 quem
1125 3342 1289 3395 uivere
1315 3357 1406 3395 seu
1434 3342 1625 3396 sentire
1668 3358 1772 3397 coe-

386 3433 393 3440 ·
424 3416 580 3471 valde
612 3412 942 3485 perturbate.
982 3410 1238 3468 Confusio
1283 3412 1492 3468 tollitur
1530 3412 1774 3469 subsidio

347 3513 353 3522 -
394 3502 503 3556 qno
531 3497 708 3543 tamen
741 3486 1024 3552 sententias,
1055 3500 1163 3541 non
1203 3484 1477 3540 sentientia
1513 3484 1774 3541 mendose

343 3576 429 3612 ,ns
457 3559 835 3625 descripserat.

364 3634 444 3683 *sse
487 3645 589 3685 ms.
632 3631 704 3684 At
741 3625 870 3683 Bad.
905 3636 961 3684 et
1004 3627 1099 3683 Er.
1136 3636 1576 3683 connumeratam.
1618 3626 1770 3699 Lips.

374 3710 646 3757 moratam.
675 3699 800 3755 Par.
831 3709 1247 3755 commemorata.

350 3773 516 3832 liditi.
540 3773 592 3826 in
613 3771 917 3827 oeternitatis
942 3782 1058 3825 sum
1083 3771 1384 3826 substantia.
1417 3769 1638 3826 Rectius
1665 3785 1768 3825 ms.

328 3849 533 3909 ,minim
569 3843 670 3898 ltoc
691 3852 792 3910 est,
825 3843 877 3896 in
899 3840 1252 3896 substantiam
1280 3851 1560 3907 zeternam,
1583 3855 1678 3895 seu
1702 3840 1769 3895 ad

355 3917 578 3969 tondum
608 3916 728 3971 sine
755 3913 883 3970 line.
916 3912 1052 3970 Cum
1088 3914 1204 3968 ltaec
1238 3911 1302 3967 ad
1341 3921 1635 3967 memorata
1666 3910 1770 3966 ini-

354 3992 411 4045 3.
443 3988 763 4054 rel'erantnr,
792 3987 876 4041 ubi
902 3985 1008 4050 sol,
1033 3985 1178 4048 luna,
1211 3983 1406 4048 stetim,
1433 3993 1540 4037 etc.
1563 3982 1629 4036 acl
1657 3983 1771 4035 lau-

330 4060 430 4113 Dei
470 4059 841 4122 advocatitiam
886 4057 1051 4127 qna-ri
1096 4063 1271 4120 potest
1311 4070 1438 4110 num
1484 4051 1771 4123 praedictas
1813 4054 1827 4060 “

318 4140 502 4185 :estas
525 4131 790 4185 animatas
812 4129 1040 4185 senserit
1069 4126 1326 4183 Hilarius·
1355 4126 1433 4181 Eo
1455 4124 1668 4195 quidem
1691 4139 1773 4179 er·

314 4205 601 4270 inspersos
622 4201 767 4257 illins
796 4202 846 4255 in
877 4200 977 4255 lob
1008 4200 1176 4255 libros
1202 4198 1269 4263 ad
1299 4205 1542 4252 sanctum
1565 4192 1771 4262 Grego-

291 4295 301 4327 ι
368 4288 562 4342 papam
611 4273 798 4327 scribit
844 4271 1082 4330 Licinius
1120 4278 1158 4325 t.
1203 4285 1239 4324 ιι
1307 4268 1492 4339 Spicil.
1568 4308 1580 4321 .
1618 4266 1769 4322 569:

265 4366 310 4398 :s
352 4346 537 4410 miror,
579 4346 748 4413 inquit
779 4343 1008 4399 barbaro
1047 4341 1258 4397 dicendi
1303 4338 1486 4406 modo,
1553 4339 1774 4394 ominem

288 4417 537 4470 issintum
567 4423 615 4469 et
652 4426 905 4478 sanctum,
935 4422 989 4468 ut
1018 4412 1081 4468 de
1105 4411 1266 4466 stellis
1296 4412 1493 4467 naenias
1535 4408 1775 4482 Oriqeni‘s

263 4491 503 4560 ›sset-ret.
532 4485 604 4541 At
631 4486 771 4557 quod
815 4487 881 4542 ad
923 4484 1076 4539 illum
1119 4483 1306 4538 Licinii
1341 4484 1515 4538 locum
1560 4484 1770 4550 attinet,

234 4582 266 4613 -ι
303 4569 527 4614 constat
554 4575 621 4613 an
653 4558 705 4611 in
735 4573 895 4614 veros
923 4556 1107 4611 llilarii
1139 4555 1191 4609 in
1222 4554 1326 4610 lob
1351 4563 1608 4609 tractatus
1635 4552 1763 4607 inei·

228 4636 333 4685 .it.
381 4633 489 4685 Ant
516 4638 663 4685 certe
707 4644 738 4685 a
787 4628 1044 4701 pra-dicto
1086 4640 1273 4683 errore
1316 4641 1446 4697 pura
1482 4623 1773 4694 judicanda

223 4716 289 4756 nt
349 4719 472 4771 qun!
515 4702 565 4755 in
607 4700 711 4757 Job
749 4702 937 4757 scribit
977 4697 1228 4761 llilarius,
1275 4708 1385 4766 ant,
1415 4696 1557 4768 qnod
1600 4694 1772 4761 nefas,

230 4774 396 4828 ndns
450 4781 502 4828 ct
560 4773 767 4842 pondus
820 4772 1146 4841 llieronymo
1196 4768 1618 4824 attribuendum.
1671 4768 1777 4834 Qui

204 4875 211 4899 t
228 4851 235 4900 i
251 4862 311 4900 ιιι
330 4845 638 4916 generatim
664 4843 779 4899 llila
788 4844 848 4898 rii
862 4842 1040 4903 ‚libros
1064 4838 1318 4908 inoffenso
1341 4839 1468 4907 pede
1485 4840 1776 4895 decurren-

210 4939 258 4972 ‚s
299 4925 492 4979 docet,
519 4914 834 4971 nominatim
863 4915 931 4968 de
953 4912 1202 4983 origenis
1237 4912 1292 4966 in
1327 4910 1430 4967 Job
1461 4910 1777 4967 tractatibus

230 4992 236 5049 ζ,
411 5045 414 5048 ,
503 5001 531 5037 v
559 4988 627 5041 ait
663 5005 675 5041 :
707 4985 783 5041 ..tat
815 4997 863 5037 te
887 4986 1080 5053 ipsum,
1110 4981 1388 5051 vigilanti,
1415 4982 1611 5036 veniam
1637 4997 1656 5037 .·
1681 4997 1776 5036 cur

615 5056 911 5125 iilwavnis)
958 5056 1010 5109 in
1047 5054 1147 5108 sot»
1186 5053 1467 5126 descriptos
1511 5054 1685 5116 trabes,
1721 5054 1777 5106 in

759 5133 851 5181 'usn
883 5137 927 5182 et
952 5127 1015 5181 de
1043 5124 1207 5180 stellis
1234 5125 1455 5193 coeloque
1480 5123 1774 5211 disputans,

775 5217 883 5265 [siin.-
909 5195 1141 5252 Ecclesia
1179 5213 1284 5251 non
1309 5197 1509 5268 recipit.
1539 5195 1649 5251 Cur
1676 5211 1774 5251 ex-

807 5273 887 5325 rel
923 5269 1222 5338 descriptos
1259 5269 1397 5340 apud
1442 5282 1500 5323 se
1547 5268 1779 5323 retineat

779 5353 831 5393 vt
855 5341 1064 5395 femine·
1091 5350 1279 5396 auctor
1303 5349 1514 5394 estnon
1539 5339 1699 5393 modo
1720 5345 1779 5394 ut

743 5425 843 5481 -gat
875 5409 1058 5465 Hilarii
1090 5411 1278 5476 libros,
1309 5411 1411 5465 nisi
1444 5411 1564 5477 quia
1597 5410 1650 5464 in
1692 5408 1776 5463 his

715 5489 775 5537 ιίε-
819 5499 919 5537 nnn
960 5482 1205 5549 advertit,
1251 5497 1410 5552 quem
1454 5482 1506 5537 in
1546 5479 1655 5538 illis
1692 5494 1778 5536 re-

695 5557 910 5621 ,tiaeque
930 5551 982 5605 in
1015 5552 1115 5607 boc
1141 5554 1258 5624 ipso
1292 5559 1521 5608 tractatu
1554 5550 1655 5606 nisi
1691 5560 1772 5606 te-

647 5649 687 5677 n
719 5622 1034 5693 rnprnluendi
1063 5632 1259 5692 potest.
1289 5623 1472 5679 Primo
1498 5621 1648 5678 enim
1666 5637 1772 5679 non

635 5702 974 5750 enumeratas
1002 5707 1123 5751 esse
1151 5695 1474 5765 creationes,
1502 5708 1622 5765 quae
1657 5696 1767 5750 ani·

1880 3283 2063 3343 matre,
2094 3276 2187 3331 sed
2224 3290 2345 3348 quoe
2390 3290 2495 3330 non
2535 3272 2899 3331 dissolvendae
2941 3281 3145 3330 essent.
3189 3272 3395 3330 Deinde
3424 3275 3473 3331 si

1878 3348 2031 3411 solis,
2061 3348 2223 3413 iunae,
2256 3347 2534 3403 stellarum
2564 3357 2621 3402 et
2650 3361 2803 3415 aquae
2844 3361 2966 3415 quai
3004 3359 3167 3414 super
3207 3345 3377 3400 coelos
3406 3346 3475 3401 sit

1879 3418 2157 3474 vocabulis
2184 3421 2332 3474 vivas
2356 3418 2681 3474 substantias
2709 3416 2993 3483 intellexit,
3025 3430 3090 3470 ea
3117 3429 3224 3470 non
3252 3416 3474 3499 proprie

1877 3489 1971 3546 sed
2000 3491 2319 3560 spiritaliter
2344 3488 2667 3545 intellexerit
2687 3501 2910 3543 necesse
2932 3498 3035 3543 est.
3060 3485 3244 3556 Neque
3265 3485 3474 3543 inficias

1877 3560 1998 3628 ibit,
2030 3562 2117 3631 qui
2163 3563 2304 3617 illins
2347 3562 2487 3617 dicta
2530 3569 2684 3616 tract.
2729 3573 2810 3630 ps.
2843 3572 3036 3626 cxxm,
3068 3572 3124 3612 n.
3152 3559 3207 3622 ὅ,
3240 3572 3474 3629 perpen-

1876 3632 1972 3688 det
1997 3652 2009 3686 :
2043 3634 2129 3689 ulti
2159 3634 2334 3705 primo
2369 3633 2540 3704 ponit,
2570 3630 2863 3688 absurdum
2892 3630 3061 3687 videri
3085 3637 3147 3684 ut
3172 3644 3329 3700 aqum
3358 3630 3477 3684 ani-

1878 3705 2039 3760 males
2078 3705 2185 3760 sint
2225 3722 2239 3759 :
2285 3715 2395 3761 tum
2433 3707 2619 3767 sumit,
2666 3717 2836 3775 aquas
2883 3712 3061 3757 tamen
3098 3715 3262 3771 super
3303 3702 3474 3759 coelos

1878 3790 2000 3831 esse
2027 3792 2146 3845 quae
2180 3776 2398 3832 laudent
2432 3775 2715 3831 Dominum
2737 3815 2751 3838 ,
2788 3789 2852 3829 ac
2894 3772 3120 3843 proinde
3160 3772 3422 3828 animales
3458 3792 3470 3828 :

1877 3845 2091 3900 tandem
2138 3862 2202 3901 ue
2232 3846 2527 3913 concludit,
2569 3860 2828 3916 aquarum
2871 3845 3087 3898 nomine
3131 3843 3358 3912 populos
3388 3843 3472 3898 in-

1878 3863 2195 3987 tettigendos
2222 3931 2363 3981 esse,
2395 3931 2531 3987 quos
2557 3916 2697 3970 inter
2730 3917 2831 3969 sint
2864 3914 3118 3978 coelestes,
3157 3913 3257 3967 sint
3283 3922 3333 3968 et
3363 3924 3465 3967 ter·

1875 3997 2077 4053 resti-es,
2108 3996 2214 4041 etc.
2245 3988 2350 4042 Eas
2396 4001 2563 4057 aquas
2594 3984 2761 4051 magis
2795 3986 3013 4054 proprie
3056 3983 3266 4038 videtur
3306 3983 3468 4038 intel·

1879 4056 2048 4130 ligere
2078 4058 2131 4113 in
2168 4072 2250 4130 ps.
2282 4072 2489 4122 cxxxv,
2525 4074 2577 4110 n.
2608 4056 2663 4120 8,
2692 4053 2820 4110 dum
2850 4063 3002 4109 vocat
3028 4053 3466 4121 temperatiorem

1879 4140 2150 4195 naturam,
2190 4130 2345 4197 cujus
2372 4128 2581 4199 objectu
2614 4126 2769 4197 primi
2811 4126 2934 4181 coeli
2962 4125 3120 4180 sedes
3157 4124 3469 4181 circutnlnsi

1879 4200 1975 4256 Dei
2002 4200 2201 4258 virtute
2230 4200 2455 4256 nimium
2484 4211 2707 4256 accensa
2751 4206 3099 4265 temperetur.
3134 4205 3194 4251 ut
3234 4196 3302 4251 ab
3332 4194 3471 4252 inl'e-

1878 4271 2113 4328 rioribus
2135 4276 2205 4330 sit
2225 4272 2476 4343 patienda
2502 4268 2731 4327 naturis.
2758 4268 2943 4340 Neque
2962 4267 3122 4323 etiam
3145 4266 3365 4323 dubium
3387 4278 3473 4324 est

1878 4358 1943 4399 ex
1977 4353 2131 4400 tract.
2160 4360 2245 4417 ps.
2272 4359 2453 4411 cxcvr,
2483 4358 2539 4398 n.
2570 4341 2625 4406 5,
2658 4356 2792 4412 quas
2819 4339 3004 4394 stellas
3047 4338 3312 4394 animatas
3347 4354 3475 4394 sen-

1880 4416 2035 4483 serit,
2071 4415 2161 4471 nbi
2186 4417 2552 4486 explicaturus
2578 4413 2728 4481 illud,
2763 4409 3056 4466 Numerans
3090 4409 3470 4465 multitudinem

1828 4514 1852 4566 ,
1880 4488 2164 4552 stellarum,
2190 4497 2324 4556 etc„
2349 4488 2552 4558 rejecto
2578 4484 2809 4554 primum
2833 4483 3027 4537 litterae
3050 4494 3213 4535 sensu
3234 4482 3476 4549 subjicit,

1879 4557 1989 4614 Sed
2009 4569 2341 4615 numerantur
2369 4557 2453 4612 hic
2480 4556 2661 4620 stellae,
2693 4571 2820 4625 quas
2845 4549 3105 4607 Abraham
3140 4553 3395 4606 contuitus
3417 4553 3475 4605 in

1877 4630 2004 4685 coelo
2048 4639 2145 4698 est,
2177 4648 2304 4702 quas
2345 4629 2500 4685 Isaac
2537 4628 2732 4698 accepit
2770 4626 2825 4678 in
2859 4624 3073 4688 semine,
3113 4638 3239 4691 quas
3276 4621 3474 4676 Paulus

1876 4701 2111 4755 discrevit
2137 4704 2191 4758 in
2217 4704 2406 4776 qloria.
2435 4700 2551 4756 Non
2573 4699 2718 4753 enim
2742 4697 3029 4751 obscurum
3056 4701 3163 4760 est,
3187 4693 3467 4749 stellarum

1880 4773 2103 4829 nomine
2140 4774 2347 4830 electos
2388 4779 2444 4828 et
2482 4770 2621 4826 filios
2664 4768 2899 4824 Abrabae
2938 4781 3062 4821 eum
3105 4764 3468 4833 interpretari.

1879 4842 2067 4914 Neque
2090 4860 2219 4901 vero
2237 4848 2359 4916 quis
2388 4841 2587 4898 dixerit
2614 4841 2810 4895 coelnm
2842 4850 2894 4894 et
2926 4848 3124 4894 terram
3155 4834 3471 4906 spiritaliter

1880 4916 2152 4972 intellecta
2182 4917 2249 4972 ad
2279 4930 2369 4973 res
2404 4929 2510 4970 non
2540 4910 2913 4967 dissolvendas
2940 4909 3139 4978 pariter
3163 4920 3473 4972 accommo-
3539 4976 3543 4980 ,

1884 4986 2000 5042 dari
2030 4988 2291 5058 potuisse.
2320 4986 2478 5041 Vetat
2500 4984 2643 5040 enim
2676 4981 2830 5049 illud,
2863 4977 3059 5036 Coelum
3088 4987 3137 5035 et
3164 4986 3301 5033 terra
3325 4985 3471 5031 tran-

1884 5058 2073 5115 sibunt.
2102 5058 2211 5115 Nec
2240 5057 2415 5115 simile
2445 5056 2734 5126 quidquam
2761 5053 2987 5107 habetur
3015 5052 3083 5106 de
3111 5047 3473 5104 creationibus

1883 5132 2134 5202 superius
2173 5128 2503 5186 memoratis
2537 5128 2760 5181 Demum
2793 5124 3153 5195 Hieronymus
3181 5121 3339 5202 epist.
3365 5134 3475 5174 un

1884 5204 1952 5260 ad
1977 5200 2358 5273 Theophilum,
2385 5207 2652 5271 quatenus
2675 5198 2959 5265 origenem
2981 5192 3213 5246 Hilarius
3233 5196 3476 5245 tmttatus

1884 5277 1955 5334 tit
2001 5276 2302 5337 declarans,
2340 5272 2469 5328 dum
2507 5264 2671 5324 dicit:
2706 5266 2882 5322 Noxia
2910 5279 3121 5332 quaeque
3161 5262 3470 5343 detruncans

1882 5356 2042 5418 utilia
2067 5343 2347 5411 transtulit,
2377 5343 2508 5401 satis
2536 5351 2720 5409 aperte
2750 5336 3018 5408 significat
3047 5333 3194 5386 illum
3224 5329 3471 5398 Origents

1882 5423 1965 5493 de
2019 5421 2166 5492 tellis
2197 5417 2417 5478 naenias,
2449 5420 2509 5469 ut.
2540 5427 2660 5468 cum
2690 5406 2897 5463 Licinio
2940 5404 3245 5484 loquamur,
3275 5401 3383 5483 yel,
3414 5409 3477 5457 ut

1886 5454 2032 5587 eug
2050 5508 2171 5578 3950
2201 5488 2545 5561 Hieronymo,
2579 5497 2697 5554 quae
2723 5475 2964 5535 Ecclesia
2993 5489 3099 5532 non
3130 5479 3341 5543 recipit,
3374 5474 3477 5528 mi-

1888 5559 2701 5782 115=ffi)t{3¹¹3}}¹3ffi;1mmmm
2727 5625 2979 5678 maneant.
