4042 6342
231 275 267 334 85
853 265 1042 328 PRAEFuTlO
1060 264 1268 324 cedentibus.
1853 276 1890 331 ιιι,

228 395 281 468 [uit
292 403 491 464 paternationum
505 392 585 464 ipsius
597 389 751 447 oolutttatis:
764 397 790 442 ut
804 401 860 442 etun
876 401 927 439 nort
943 383 1029 439 solutu
1042 384 1065 442 Λ
1079 377 1124 434 itt.
1142 377 1260 436 llilarius
1273 379 1404 437 Christum
1417 398 1549 456 nunquam
1566 383 1732 440 diuidendum
1743 400 1798 440 esse
1811 401 1890 439 acer·

228 485 313 542 Pater
320 484 461 552 desereret,
474 484 520 540 setl
532 485 607 539 etiarn
618 483 672 554 ipse
682 499 708 538 se
719 480 830 554 medam
843 479 943 534 ratione
955 477 1030 532 dese·
1368 478 1433 532 rinre
1446 486 1604 550 propnpnat.

229 586 315 644 reret,
330 594 380 633 non
394 577 494 646 trepida
504 576 671 639 dissessione,
687 575 732 630 sed
744 572 890 628 uoluntaria
903 569 1027 626 senione.
1120 565 1183 622 tto.
1197 565 1328 624 blittimus
1344 569 1374 624 l⁰
1389 568 1456 626 iilud
1471 570 1519 625 lih.
1534 585 1582 626 ιιι
1596 567 1716 626 delrio.
1731 585 1759 626 ιι.
1776 569 1809 627 8:
1819 570 1892 646 Quo·

230 667 366 725 Continuit
382 668 449 723 enirn
465 683 492 723 ιε
501 669 532 722 ab
544 667 631 737 intpils
652 665 777 734 crucifici
796 673 929 738 potestas,·
954 670 978 718 et
1003 669 1033 718 ut
1083 661 1160 716 modo
1172 677 1223 716 non
1234 664 1387 720 naturaliter
1396 679 1501 721 munem
1511 665 1539 720 in
1552 665 1624 721 nobis
1639 665 1829 723 existimandus
1841 679 1890 734 est,

229 762 398 834 dispositione
412 761 651 826 cureturaceulta‚
679 761 717 815 uti
736 759 818 815 noluit
837 759 929 814 oirtnte
947 757 1031 812 nuttri-
1084 753 1128 822 ιιι
1143 762 1166 807 el
1178 759 1297 810 naturane
1316 766 1431 812 nostram
1447 757 1505 828 jan
1526 758 1726 831 inseparabilem
1744 758 1796 814 sibi
1814 759 1892 817 lanto

229 857 304 928 festa.
322 855 424 924 Quibus
448 854 470 909 si
496 853 579 910 addus
600 853 672 925 quod
698 853 732 909 de
751 853 809 924 ipso
834 847 1032 923 corporationis
1085 853 1162 900 notus
1174 849 1336 919 asumpsit!
1347 849 1408 916 troia
1421 849 1491 905 lttrte
1502 857 1592 917 eruut,
1607 849 1655 924 qui
1668 851 1736 908 illoti
1746 855 1806 932 jam
1824 853 1894 909 inse·

229 946 330 1004 Christi
353 945 479 1019 tnysterio
495 945 588 1002 scribit
602 945 769 1016 httgustiuus
790 944 800 1012 (
805 943 889 999 Setun
904 957 971 996 etune
985 941 1031 1010 Π,
1086 939 1227 1011 parabilem
1241 939 1274 995 ad
1290 941 1316 996 id
1331 949 1437 1014 tompus
1460 943 1555 999 relerri
1568 943 1653 1001 reliut
1665 943 1738 1016 quod
1754 960 1895 1002 resurrec-

228 1059 254 1095 n.
270 1037 547 1114 tibiurensium
562 1039 657 1105 ltonto;
681 1039 781 1109 seponit
804 1035 977 1102 dinittitatem,
1005 1033 1033 1087 id
1086 1033 1188 1088 tionem
1212 1034 1328 1104 excepit.
1343 1033 1506 1091 Gertnauior
1519 1045 1609 1092 tumen
1625 1035 1722 1092 botuns
1746 1037 1894 1093 uerborum

226 1143 278 1198 est,
293 1135 404 1206 pttodatn
418 1132 493 1186 ntodo
507 1139 664 1202 sentientem,
682 1131 729 1186 hoc
749 1139 804 1197 est,
827 1130 938 1185 occultat
963 1130 1034 1200 qnod
1086 1142 1183 1185 seusus
1204 1143 1257 1194 est,
1273 1127 1441 1202 uttigeuitout
1466 1131 1549 1186 Deum
1575 1146 1609 1188 ex
1632 1145 1666 1188 oo
1692 1139 1816 1202 tempore
1837 1149 1894 1204 quo

232 1242 307 1280 suunt
320 1237 389 1293 erat,
401 1234 510 1296 apparet
520 1226 590 1293 autad
599 1233 731 1297 acceperat
745 1239 755 1279 :
771 1221 837 1278 nihil
851 1221 902 1278 orit
916 1237 976 1290 cur,
1005 1221 1032 1280 iu
1088 1219 1170 1276 homo
1184 1228 1263 1278 uatus
1274 1231 1325 1287 est,
1340 1234 1463 1278 uoturotn
1476 1232 1596 1277 nostram
1614 1221 1666 1278 sibi
1682 1221 1895 1297 inseparabilem

228 1319 365 1374 iiiiatiauu
379 1317 486 1390 phrasi,
502 1317 673 1375 recedentem
684 1317 853 1373 ditittitatetu
864 1331 917 1371 nou
935 1315 1035 1370 iutelli-
1086 1311 1276 1383 assumpsisse.
1292 1313 1330 1369 Ea
1351 1329 1432 1385 porto
1455 1315 1495 1370 sie
1515 1313 1691 1388 intelligenda
1709 1328 1771 1370 esee
1790 1315 1894 1374 cottiis·

229 1405 457 1484 pus'diviuitatent
471 1427 531 1483 uon
546 1427 576 1468 se
587 1411 720 1476 oecttltet,
735 1424 848 1482 numque
872 1417 1034 1480 potestatem
1086 1415 1176 1474 munt,
1192 1421 1252 1477 que
1267 1405 1313 1463 lib.
1328 1423 1367 1474 tt,
1383 1423 1412 1462 n.
1427 1407 1456 1476 i,
1471 1406 1565 1475 tradit,
1581 1407 1665 1463 Deum
1680 1407 1785 1464 scilieet
1800 1417 1895 1465 notum

228 1493 381 1570 contineat,
398 1517 426 1560 ιι
440 1505 521 1561 hotuo
533 1512 619 1560 morte
632 1511 784 1576 peragatur.
1086 1515 1147 1558 esse
1163 1499 1312 1576 homiuem,
1325 1509 1356 1559 ut
1374 1501 1456 1558 homo
1468 1503 1496 1557 in
1506 1510 1630 1558 alanum
1646 1503 1672 1558 iu
1688 1498 1894 1562 beomaueret:
2013 1555 2014 1558 ,

264 1597 327 1655 tit.
344 1598 478 1655 Pramnos
493 1598 622 1655 diuinitas
636 1613 652 1654 e
667 1599 746 1667 loco,
763 1598 790 1654 itt
806 1613 859 1670 quo
872 1599 947 1670 ptius
957 1599 1034 1672 cogi·
1087 1596 1206 1654 maxitue
1219 1612 1281 1653 entn
1296 1613 1360 1654 mos
1376 1597 1517 1670 subiiciat:
1528 1595 1653 1656 Nascitur
1668 1598 1754 1670 baone
1765 1595 1837 1654 Deus
1849 1617 1894 1662 as·

226 1690 345 1758 tabanus,
356 1691 498 1747 discedere
508 1692 589 1763 vulgo
613 1690 721 1760 dicitur,
745 1705 807 1747 cunt
837 1706 908 1747 noro
931 1691 1037 1764 modo,
1086 1689 1227 1760 tumulive?
1239 1697 1343 1756 bvtltoes
1357 1690 1420 1744 dum
1434 1691 1511 1745 b⁰m⁰
1532 1689 1656 1744 ”tiberin
1673 1689 1726 1746 ⁰⁶⁰
1742 1701 1894 1764 temti?

225 1798 298 1839 uoto
311 1783 406 1840 ordine
419 1783 445 1838 iu
460 1783 513 1838 allo
527 1781 697 1839 munilestam
720 1798 751 1840 se
777 1781 851 1839 lacit.
883 1783 952 1840 ilinc
968 1783 1035 1842 Ver·
1051 1784 1075 1845 Β
1089 1780 1140 1836 hoe
1155 1790 1208 1847 est,
1224 1781 1288 1837 dum
1302 1782 1385 1842 homo
1399 1783 1434 1842 ub
1446 1783 1505 1856 ipso
1518 1783 1699 1854 susceptionis
1712 1797 1852 1842 momentu
1866 1785 1897 1845 itt

227 1876 309 1942 bom,
325 1859 386 1931 cut'u
401 1891 510 1932 caruem
522 1876 641 1946 suscepit
653 1876 811 1948 ,reliquisse
822 1876 940 1945 eoelum,
958 1887 984 1934 et
1007 1878 1035 1935 itt
1091 1871 1146 1928 Deo
1156 1873 1183 1928 in
1198 1883 1330 1930 aeteruum
1349 1883 1456 1942 munel,
1471 1891 1608 1946 ”inultm
1623 1874 1658 1930 bb
1669 1890 1703 1932 0⁰
1715 1877 1894 1948 sonantibus·

229 1979 317 2025 tortas
335 1969 510 2042 despondisse
530 1970 627 2024 usitata
643 1969 770 2040 loquendi
788 1970 893 2025 tatione
908 1969 1034 2027 dicimus.
1090 1965 1164 2020 lianc
1186 1966 1259 2022 cuitu
1281 1967 1341 2040 ipso
1364 1973 1441 2024 notat
1454 1981 1516 2024 esse
1534 1968 1589 2023 ritu
1607 1966 1683 2024 uerbi
1702 1983 1850 2040 pannones,
1865 1978 1896 2027 nt

231 2062 271 2117 Eo
287 2077 396 2134 quoqne
414 2071 536 2133 respecto
553 2063 716 2134 httgttstinus
729 2062 757 2118 itt
771 2061 842 2118 Psai.
858 2077 930 2130 tutu,
944 2079 970 2117 u.
984 2061 1035 2130 li,
1088 2058 1160 2131 quod
1177 2059 1205 2114 iu
1219 2068 1371 2134 perpetuum
1385 2075 1536 2115 musarum
1550 2070 1586 2115 est
1597 2059 1741 2132 signilieet.
1757 2059 1896 2120 etentes

230 2153 339 2210 Putrem
351 2169 365 2209 a
377 2153 446 2210 tutin
459 2154 600 2211 dimissum
613 2154 694 2210 docet
708 2171 715 2209 s
731 2153 837 2210 Dimisit
849 2155 927 2222 eninr,
938 2155 1035 2227 lnquit,
1089 2151 1115 2206 in
1127 2151 1199 2207 Psal.
1209 2165 1303 2218 otest,
1312 2151 1424 2218 numi,
1436 2149 1896 2209 earationeeuontiatClutistimot·

231 2243 337 2300 Patrem
347 2245 459 2316 quadarn
472 2247 548 2302 otodo
559 2264 568 2302 :
581 2263 633 2302 non
644 2247 748 2302 ornaina
773 2247 870 2302 dimisit
896 2247 975 2304 oebtti
1001 2249 1037 2303 ad
1089 2252 1154 2312 tem,
1169 2249 1199 2299 ιι
1210 2243 1292 2298 rerba
1306 2242 1379 2300 illius
1395 2243 1477 2299 ὓιιιι
1490 2250 1547 2299 tum
1561 2243 1588 2297 in
1607 2257 1724 2314 corpore
1737 2253 1895 2303 manentem

227 2340 432 2410 separationem,
454 2341 500 2395 sed
521 2341 556 2394 ad
579 2341 767 2412 susceptionem
794 2340 915 2396 bunnense
936 2343 1032 2398 carah.
1087 2346 1202 2403 sonem
1217 2337 1258 2392 sic
1270 2338 1344 2392 coitu
1360 2335 1442 2392 habet
1454 2353 1461 2390 ι
1475 2335 1577 2404 Quierit
1588 2347 1675 2392 mem
1686 2336 1736 2392 tlte
1746 2378 1755 2406 ,
1767 2338 1811 2393 est
1824 2355 1895 2396 mors

229 2430 275 2490 Sic
289 2441 317 2488 et
331 2433 432 2488 iiiiorlo
442 2447 567 2490 asserere
579 2433 656 2490 licuit
669 2431 836 2489 divinitatem
852 2431 962 2491 Christo
976 2451 1036 2492 mo·
1086 2443 1193 2482 mmm
1207 2436 1245 2482 ιιι
1260 2444 1270 2483 ·'
1287 2438 1311 2482 et
1324 2429 1353 2483 ld
1375 2429 1446 2496 Μ
1467 2429 1542 2483 ΜΗ*
1560 2429 1669 2502 efflusi&
1682 2428 1824 2486 mimir
1837 2441 1892 2496 ‘⁸⁸2

230 2526 343 2584 tientes
359 2541 442 2584 carne
453 2525 626 2595 discessum,
655 2541 708 2583 non
735 2527 809 2598 quod
821 2527 893 2582 illam
922 2531 1036 2586 omnino
1089 2521 1228 2596 Usipemto
1241 2533 1266 2578 et
1285 2524 1313 2578 ist
1329 2524 1564 2593 wrpaeemmtentl
1577 2523 1632 2578 iteo
1644 2524 1744 2592 reuma
1758 2524 1818 2593 [ιιι.
1839 2525 1894 2581 Sed

227 2618 361 2678 dimiserit
376 2623 459 2678 ueluti
474 2620 507 2676 ad
521 2621 741 2693 separationem,
757 2619 806 2676 sed
821 2620 855 2676 ad
879 2621 1034 2694 susceptio·
1086 2633 1141 2674 non
1151 2618 1198 2674 nni
1213 2619 1275 2675 roei
1286 2619 1454 2690 pertimetur
1467 2618 1659 2688 insistendum,
1669 2633 1731 2674 eun
1744 2619 1894 2678 mecedem

227 2731 290 2772 uem
302 2716 407 2772 mortis.
424 2717 456 2770 et
468 2730 535 2772 uero
547 2713 661 2771 recessit
683 2713 802 2784 quodam
816 2713 898 2770 mrtdo
913 2713 1033 2771 veronen
1087 2712 1153 2768 totis
1168 2713 1275 2783 paginis
1287 2711 1456 2767 adstruatur.

228 2822 243 2862 u
259 2822 359 2874 carne,
374 2821 454 2877 qoam
466 2805 511 2862 hle
526 2805 666 2860 hominum
677 2804 806 2874 potestati
820 2804 940 2871 dimisit,
970 2804 1036 2861 dunt
1123 2806 1298 2864 briletum
1311 2806 1419 2863 hoeiib.
1433 2821 1474 2873 ιιι,
1487 2805 1609 2864 delrio.
1625 2823 1652 2864 n.
1670 2807 1706 2864 lb
1722 2823 1731 2863 e
1748 2805 1892 2866 antina

219 2901 256 2956 'in
268 2899 371 2957 inieros
382 2913 444 2955 cum
459 2897 547 2954 anime
559 2897 747 2962 descendens,
770 2897 806 2952 ibi
821 2911 893 2952 nora
909 2899 1036 2967 potentiae
1086 2901 1255 2972 mmiflplmr,
1269 2901 1314 2955 sod
1327 2901 1355 2955 lut
1372 2915 1452 2955 muse
1467 2901 1579 2957 bominis
1592 2911 1700 2958 mntem
1711 2899 1893 2968 manarit,-

230 3009 262 3049 ao
272 2993 379 3048 ritnttis
389 3007 445 3047 suae
458 2992 533 3062 signe
544 2990 679 3046 exhibuit.
694 2989 814 3061 benique
824 3005 885 3046 cum
899 2990 1036 3048 dissidium
1087 2992 1204 3049 chistus
1224 2991 1274 3065 liei
1286 2991 1376 3048 filius
1387 2994 1505 3061 moriem,
1517 2994 1565 3048 sed
1574 2995 1662 3050 munis
1673 3011 1736 3050 aero
1748 2995 1892 3062 studemus

229 3085 416 3143 diversitatem
432 3093 534 3140 tontum
550 3095 646 3150 sonet,
662 3099 715 3138 nort
726 3085 942 3156 separationem.
960 3101 1034 3142 oum·
1085 3087 1115 3142 in
1128 3085 1249 3155 ebrium·
1263 3085 1314 3142 Del
1327 3085 1452 3142 Filiusiu
1461 3087 1552 3159 interis
1566 3097 1618 3154 ost,
1634 3087 1682 3142 sed
1690 3087 1769 3142 bomo
1780 3091 1892 3160 nosmet

231 3197 284 3252 que
300 3180 453 3237 ililatiusin
462 3179 533 3235 Psal.
543 3195 639 3246 exitu,
649 3195 676 3234 n.
690 3181 718 3247 b,
727 3179 838 3247 scribat,
849 3177 985 3236 Gltristum
1000 3194 1033 3237 ea
1046 3172 1070 3238 C
1085 3182 1121 3236 ml
1130 3180 1223 3236 must
1237 3195 1249 3234 .·
1262 3179 1325 3245 bos,
1336 3178 1456 3251 inquam,
1469 3194 1525 3235 uon
1540 3190 1595 3234 tant
1606 3180 1705 3236 leviter
1714 3181 1835 3237 ιηιιὶιο
1844 3181 1891 3252 jn-

230 3275 335 3332 doubus
345 3283 471 3331 constare
483 3272 640 3329 substantiis
654 3289 712 3342 aua
722 3283 815 3326 natttra
828 3272 972 3328 dissident:
985 3275 1035 3330 trb-
1086 3275 1168 3331 serie
1177 3272 1353 3344 uinaquippe
1363 3271 1617 3341 hwctutfflerhunt
1626 3287 1642 3327 s
1651 3286 1797 3328 mnneuott
1804 3275 1890 3344 prins,

227 3370 300 3441 jecta
313 3369 395 3425 rerba
411 3385 418 3421 ε
436 3365 495 3422 Varo
509 3376 545 3422 est
556 3365 641 3421 earnis
651 3365 793 3420 recedentis
816 3383 833 3421 a
856 3383 883 3420 se
894 3367 1035 3424 diunitotis
1085 3381 1166 3438 quatu
1176 3363 1468 3434 moreretsrilhristus,
1479 3368 1627 3422 messuisse
1640 3365 1678 3434 lsi
1691 3366 1801 3437 nutent
1818 3367 1892 3437 filius

228 3469 366 3517 contestata
374 3459 518 3525 dissidium,
531 3457 570 3513 sic
582 3455 737 3527 intelligere
752 3457 815 3513 lieet
835 3456 914 3512 :ron
929 3467 972 3513 est
985 3461 1034 3512 hn-
1085 3457 1135 3512 liei
1149 3458 1286 3528 moritum
1299 3458 1424 3528 solempne
1443 3457 1577 3513 inlinitum
1598 3457 1684 3515 luisse
1696 3459 1892 3531 redemptionis

229 3554 309 3610 minis
323 3553 493 3608 sesooiatum
509 3549 679 3606 testificantis
692 3559 795 3604 tratttre
823 3549 901 3604 ultrei
912 3592 919 3618 ,
949 3565 1032 3623 quarn
1085 3549 1429 3619 amministramus
1442 3565 1525 3622 porro
1542 3550 1578 3608 de
1600 3553 1647 3608 bet
1664 3553 1890 3610 mortedomrina

231 3648 361 3704 recedere
375 3647 436 3702 ideo
447 3645 528 3714 dicit,
543 3653 574 3701 ot
586 3659 647 3701 eam
659 3645 792 3717 sigttiheet
819 3661 834 3700 a
862 3661 892 3703 se
916 3647 1032 3706 multutn
1085 3640 1207 3698 Hilarius
1224 3649 1353 3698 consutus
1366 3641 1438 3699 odeo
1456 3641 1517 3709 luit,
1540 3653 1571 3699 ιι
1596 3644 1624 3700 in
1646 3659 1704 3701 utto
1723 3659 1837 3702 utnnero
1860 3647 1889 3714 7,

229 3739 379 3802 dissidere.
394 3747 421 3794 et
437 3745 524 3794 morte
553 3751 601 3793 ena
627 3752 680 3793 nou
696 3741 782 3809 magis
808 3735 957 3794 indendam
982 3739 1032 3810 irl,
1084 3735 1155 3792 libro
1165 3751 1205 3801 tx,
1217 3737 1334 3807 mimum
1348 3736 1430 3802 diest,
1451 3745 1481 3792 ut
1496 3736 1567 3792 llests
1582 3738 1649 3792 mori
1662 3738 1757 3808 selim
1769 3747 1799 3795 et
1812 3755 1890 3807 mos.

230 3847 312 3903 quotu
321 3831 343 3886 si
355 3829 527 3887 recessisset.
1085 3845 1143 3884 amu
1154 3844 1182 3885 ιι
1195 3829 1350 3885 inmortalis
1362 3829 1437 3886 Deus
1455 3830 1527 3886 intre
1537 3832 1619 3904 lupeno
1632 3832 1726 3887 morde
1740 3832 1891 3901 inbuisset,-

266 3929 328 3986 tis.
354 3927 408 3984 Nec
428 3911 589 4000 quemquam
613 3935 719 3982 moreat
741 3926 812 4000 qttotl
838 3927 865 3984 iu
889 3925 961 3983 esst.
985 3943 1030 3998 ur,
1084 3931 1112 3977 et
1126 3921 1154 3977 in
1169 3925 1261 3993 exitu,
1287 3923 1342 3978 lieo
1358 3939 1404 3991 per
1425 3937 1528 3979 ment
1546 3924 1681 3981 meree.
1702 3925 1733 3980 ld
1753 3926 1843 3996 ipsunt
1861 3927 1890 3984 in

229 4039 257 4078 n.
271 4021 314 4088 ti,
327 4021 363 4076 ait
373 4039 380 4075 :
391 4019 453 4092 lpse
467 4019 647 4076 huicentortuo
657 4029 680 4073 et
693 4019 764 4074 iutra
778 4019 923 4090 repuleram
941 4019 1033 4076 reiecto
1084 4016 1157 4071 esst.
1172 4031 1255 4084 auru,
1268 4031 1297 4073 n.
1309 4017 1355 4086 ie,
1367 4033 1421 4074 non
1432 4033 1485 4074 une
1498 4020 1604 4074 ratione
1617 4019 1750 4087 Mutet,
1762 4027 1846 4092 atoue
1859 4021 1888 4078 in

227 4113 552 4188 corporidinineenaturoe
572 4125 627 4166 sua
648 4111 738 4166 tribuit
758 4111 914 4166 consortium
932 4113 1032 4184 :attasi
1085 4110 1181 4181 primis
1199 4111 1254 4166 eit:
1269 4109 1324 4169 Per
1341 4114 1503 4168 summatem
1522 4113 1677 4169 atnnitads
1697 4131 1769 4171 mors
1789 4117 1891 4189 ipsein

229 4207 311 4265 Verbi
327 4207 492 4264 consortium
508 4205 618 4276 corpori
633 4211 719 4261 morte
735 4204 870 4261 sttbiettuu
881 4247 888 4272 ,
900 4212 927 4261 et
939 4220 1032 4263 resur-
1084 4200 1141 4263 lieo
1152 4204 1277 4260 molente
1290 4205 1390 4276 fiducia
1399 4215 1446 4261 est.
1460 4205 1550 4278 ipsura
1569 4208 1653 4262 etiam
1663 4206 1750 4264 Deum
1759 4219 1889 4266 monum

228 4299 349 4355 rectione
363 4299 517 4354 restitutum
532 4297 645 4354 diceret.
661 4297 719 4353 Non
734 4299 806 4354 enim
823 4298 865 4353 hic
884 4311 975 4355 sertno
988 4308 1032 4357 est
1082 4293 1220 4350 Christum
1232 4307 1311 4352 roeat
1325 4296 1372 4352 lib.
1388 4311 1414 4351 ιι
1429 4295 1465 4353 tie
1485 4297 1562 4355 itin.
1579 4314 1654 4355 nans.
1667 4299 1713 4356 it.
1732 4301 1845 4366 Deinde,
1858 4311 1888 4360 nt

227 4389 426 4458 dammartin,
438 4407 492 4462 qno
503 4406 600 4463 corpus
613 4391 714 4447 divium
729 4401 832 4447 naturae
845 4391 1031 4449 substantioli-
1083 4387 1488 4458 bilotttmllfllltmffilkfflssi,
1502 4391 1525 4446 ⁸5
1540 4387 1591 4446 Μ
1602 4390 1721 4446 Flfiflllb
1733 4394 1825 4464 *ltili
1835 4402 1885 4462 “it

227 4491 269 4539 ter
281 4481 470 4553 oottlungatur,
484 4483 534 4539 sed
552 4497 606 4555 qno
625 4483 684 4555 elus
706 4483 798 4556 glutita
819 4481 952 4557 particeps
973 4483 1028 4557 iat,
1082 4478 1204 4550 ιιιῠῑιιι
1212 4489 1241 4535 ut
1250 4479 1348 4556 sellem
1359 4482 1476 4536 suintune
1485 4480 1588 4538 Christi
1600 4490 1689 4540 morte
1700 4483 1887 4542 intercedente

226 4591 278 4648 qua
287 4573 534 4645 tptumdiumortnie
547 4573 608 4645 luit,
622 4567 821 4634 carebatiiiuo
832 4577 930 4648 tpnippe
940 4577 1031 4636 Chris·
1042 4575 1071 4638 b
1081 4573 1308 4646 ιῦθθιιῐιθῐιῑῑι
1316 4573 1651 4647 ᾱθθθιῑιιιιιιιβιιιιιιι
1662 4591 1718 4632 nnn
1727 4577 1884 4634 crodiderit-

226 4675 283 4724 tum
297 4667 333 4724 ibi
349 4667 530 4734 commendat,
543 4669 614 4740 qood
628 4669 740 4740 glorium
755 4682 842 4742 neque
856 4670 964 4728 aliunde
979 4688 1028 4728 en·
1081 4665 1137 4722 Sed
1157 4673 1186 4723 et
1207 4667 1273 4723 hinc
1285 4667 1381 4725 oouhei
1396 4675 1497 4738 potest,
1509 4685 1572 4725 eant
1597 4685 1632 4727 ue
1651 4684 1761 4727 earnem
1775 4670 1885 4743 quidem

226 4768 422 4834 pactolusque
432 4761 537 4830 corpori
547 4760 769 4834 alii,quomouod
779 4771 916 4819 mortuom
928 4763 1027 4835 lucrat,
1081 4757 1219 4815 desertam
1230 4759 1359 4830 semisse,
1373 4773 1435 4817 ctum
1446 4760 1473 4816 in
1488 4761 1582 4817 blattis.
1596 4762 1686 4818 dlxii:
1703 4761 1760 4818 Vos
1777 4771 1887 4819 mtter-

225 4851 432 4926 expectet.llon
444 4861 627 4920 mentemst,
640 4855 736 4924 iuquit,
749 4855 1028 4928 istaquoesperatmee
1081 4851 1195 4920 uincto.
1212 4853 1372 4910 sicutenim
1395 4870 1458 4911 eum
1480 4857 1506 4910 in
1528 4857 1609 4913 rerba
1623 4856 1886 4930 chuniscteripeu

225 4945 382 5002 laudationis
397 4954 471 5012 uota,
485 4962 542 5017 qua
558 4945 664 5015 reddet,
680 4956 739 5002 sunt
760 4951 920 5006 estrirtsecns
939 4969 1029 5025 capes·
1080 4959 1132 5015 me,
1151 4945 1199 5002 lib.
1220 4961 1251 5002 tu
1262 4945 1298 5002 de
1310 4945 1386 5002 'ltin-
1398 4946 1482 5014 ibib,
1496 4948 1533 5002 ιὶῑ
1544 4945 1723 5004 theotinis
1735 4947 1886 5020 immede

117 5095 123 5104 ,
224 5040 313 5096 aenda.
329 5037 390 5112 lpse
404 5039 470 5095 enirn
488 5039 536 5095 sibi
555 5041 749 5096 resurrectionis
768 5051 806 5097 est
819 5043 939 5099 dontinus
952 5089 959 5112 ,
973 5047 1030 5116 ipse
1080 5048 1135 5109 est,·
1148 5041 1259 5097 nomine
1267 5042 1353 5096 canit
1367 5049 1453 5098 lobath
1466 5043 1604 5100 bominem
1614 5059 1647 5100 ee
1657 5047 1807 5116 promnion
1822 5047 1885 5102 eui·

224 5135 285 5189 huie
304 5139 418 5190 emortuo
432 5142 457 5188 et
471 5134 541 5188 intra
554 5133 700 5204 sepulcrum
713 5133 802 5190 rabdo
822 5139 923 5210 corpori
934 5139 1029 5197 dioittoe
1081 5145 1155 5187 mm
1167 5132 1320 5202 militm
1331 5134 1534 5190 nonenbitstnt
1550 5152 1558 5190 t
1572 5137 1608 5191 ila
1628 5143 1658 5193 el
1675 5151 1740 5192 cum
1760 5138 1885 5208 eiusdmtr

223 5237 324 5282 naturae
337 5239 392 5280 sace
410 5223 500 5281 tribuit
511 5223 677 5283 eottsortiutu.
696 5223 786 5298 usqne
803 5227 870 5284 enim
884 5245 1028 5287 resmrrec-
1080 5225 1188 5281 Miri
1199 5227 1288 5282 nostri
1298 5227 1377 5282 rerba
1386 5246 1393 5283 ι
1403 5227 1474 5284 lietu
1485 5243 1565 5296 meas.
1573 5245 1652 5302 W
1659 5247 1700 5286 ’Μ
1711 5231 1880 5306 &lautitiis

222 5318 289 5374 purte
314 5315 432 5372 ottonibus
459 5310 491 5372 nb
515 5317 642 5373 exprim
664 5319 772 5374 materis
796 5335 891 5391 corpus
914 5323 1027 5393 acquiro.
1078 5327 1252 5374 enarratum
1265 5319 1392 5389 subjicit:
1408 5319 1463 5376 loa
1476 5323 1884 5382 estrnrnisremdentisasedi-

220 5417 273 5477 tur,
285 5419 352 5476 etc,
362 5417 462 5478 quanto
473 5407 561 5464 miuus
571 5403 777 5465 Christoihihil
789 5419 918 5481 praterea
931 5427 1026 5470 nentr-
1078 5409 1192 5465 ιιιιιιιὶι
1206 5419 1347 5466 comestam
1367 5411 1503 5468 dissidium
1511 5429 1526 5480 ,·
1540 5413 1639 5470 eodem
1650 5416 1737 5471 earnis
1750 5417 1885 5474 rambula

221 5501 257 5556 rit
268 5499 341 5570 sputi
355 5499 500 5568 Hilarium,
516 5500 587 5556 unde
599 5497 736 5557 Cratistum
754 5501 780 5558 in
800 5512 885 5558 mette
901 5503 1026 5565 divisisse
1078 5503 1216 5560 hominem
1229 5509 1448 5573 intumentum
1458 5507 1561 5564 seilicet
1578 5515 1607 5563 et
1618 5513 1746 5577 animant,
1763 5524 1817 5566 non
1832 5527 1883 5569 ne-

219 5592 366 5660 jndicetur.
380 5591 567 5649 mttacontts
581 5593 845 5666 suppetttttt,quibns
859 5595 1025 5670 abitacopi-
1075 5597 1181 5670 eandm
1197 5606 1241 5654 est
1262 5599 1422 5671 intelligere.
1439 5602 1519 5672 Atqui
1535 5602 1652 5658 animum
1676 5599 1884 5663 christianiatis

220 5681 303 5742 trione
319 5699 382 5740 sese
404 5685 502 5756 mucul
515 5683 636 5743 abluisse
657 5685 759 5744 induet
774 5705 784 5744 s
798 5687 871 5767 qood
885 5688 964 5748 nobis
979 5705 1024 5747 re-
1077 5696 1139 5764 post
1153 5702 1268 5748 mortens
1290 5692 1379 5750 Verbo
1399 5694 1573 5765 coniunctam
1593 5695 1693 5751 docuit.
1708 5694 1785 5753 idem
1798 5697 1885 5769 igitur

218 5773 521 5851 stuteonsltietsuduur.
1076 5785 1354 5862 eeneitetdeoaroe.
1370 5785 1807 5881 Sedhoeplsniusepprobomoe
