4042 6342
257 239 293 300 sn
862 231 1050 296 PllAEFthO
1064 231 1272 296 sedantem.
1873 236 1906 293 ta

257 357 334 430 Quod
357 356 382 415 si
395 356 456 430 quis
469 370 519 430 per
530 369 560 416 se
576 354 694 430 experiri
709 354 800 422 uolet,
816 351 938 410 conserat
950 353 1056 409 uicinos
1068 350 1095 415 Α
1108 349 1155 407 riis
1166 351 1219 408 illis
1229 351 1435 425 cognominibus
1445 351 1554 412 unicum
1563 352 1613 411 bet
1623 351 1722 412 rutrum
1733 351 1905 410 intellexerit

257 451 337 508 unius
351 450 527 523 eiusdemque
550 450 611 506 libri
635 465 653 506 x
669 449 763 505 lucos:
779 453 807 505 ct
821 448 866 505 ubi
882 463 956 502 rrrnrn.
974 446 1008 503 15
1023 447 1058 503 lc·
1112 445 1242 504 Submota
1262 449 1342 520 igitur
1355 447 1407 506 hoc
1428 450 1566 522 scurpolo,
1578 449 1624 522 qui
1641 448 1761 506 iohanni
1777 448 1903 505 munao

257 545 337 616 gerit,
352 543 461 601 Christo
475 543 558 599 omnis
571 559 649 598 cnara
670 540 791 597 nascendi
803 541 902 596 irrnecra
915 555 961 613 per
972 538 1059 610 Spiri-
1111 540 1229 598 mauimo
1242 541 1340 610 luerat,
1351 539 1417 614 quid
1427 544 1496 600 alius
1505 543 1588 602 ctiam
1597 545 1724 613 mouerit,
1737 542 1908 600 milliarium

258 646 313 693 tum
323 653 335 702 ‚·
346 635 410 709 quid
433 635 485 693 hoc
510 637 561 693 eibi
588 634 653 692 velit
666 633 815 691 declarabit
829 632 894 688 illud
909 647 984 688 rrum.
999 629 1035 687 16
1050 648 1058 686 :
1111 635 1232 692 sensisse
1242 631 1373 702 dicerent,
1383 635 1523 696 Christum
1533 635 1661 696 esssuris
1674 637 1744 695 nihil
1757 636 1905 708 accepisse,
1922 638 1927 650 '

258 728 325 788 Caro
340 746 392 786 non
402 729 508 785 aliunde
526 729 653 802 oripirnm
666 736 813 799 sumpserat
823 742 901 798 quarn
914 741 948 782 es
972 723 1058 780 unta.
1112 727 1205 801 paucis
1216 727 1402 802 expediamus.
1992 662 1998 827 Ι

257 821 375 881 Rursum
399 821 422 878 si
449 830 590 879 moueatur
602 821 675 893 quod
691 820 759 877 ibid.
774 820 856 876 lrabet
872 835 879 873 :
897 817 977 891 i'irpo
991 817 1060 874 enim

258 933 311 973 noa
329 916 380 972 nisi
394 932 426 974 eu
441 932 487 972 suo
503 915 599 973 Sancto
615 914 719 988 Spiritu
741 913 828 986 genuit
840 911 909 984 quud
919 912 1016 984 genuit,
1033 918 1062 967 ct

259 1011 332 1084 quod
350 1026 424 1066 num.
442 1012 487 1079 l'i,
501 1017 606 1068 asserat
629 1009 675 1066 iiiii
696 1007 814 1064 bominis
828 1008 953 1080 oripinem
973 1023 1005 1062 ee
1017 1024 1062 1062 sa-

261 1109 429 1182 prruenientis
449 1107 476 1162 in
502 1105 635 1178 Virginem
651 1105 742 1162 Sancti
757 1103 872 1178 Spiritus
885 1105 974 1171 adita·
986 1118 1062 1161 scru-
1150 1100 1196 1158 69.
1207 1098 1275 1157 Cum
1297 1102 1370 1160 nuilla
1384 1109 1459 1160 esset
1476 1103 1512 1160 de
1523 1102 1626 1161 Christi
1637 1119 1671 1162 ex
1690 1119 1776 1161 mnne
1796 1103 1912 1176 Virginis

261 1202 352 1272 pulum
367 1200 467 1257 levabit
481 1215 556 1256 num.
574 1199 673 1265 leuba
687 1197 721 1254 de
735 1195 845 1254 Christo
859 1196 986 1262 allirmat,
1002 1194 1064 1270 lpse
1114 1196 1289 1267 generatione
1301 1200 1487 1255 controuersia
1499 1239 1507 1264 ‚
1520 1212 1573 1254 non
1594 1199 1708 1254 multum
1720 1198 1855 1255 laborauit
1868 1195 1912 1252 lli·

261 1293 327 1348 enint
338 1294 454 1364 corporis
469 1292 511 1348 sni
522 1294 595 1362 oripo
609 1300 655 1356 est,
673 1298 777 1362 utpote,
792 1290 878 1362 inquit
890 1332 897 1354 ,
910 1291 938 1344 in
950 1290 1063 1363 [armon
1115 1287 1218 1355 larius,
1238 1297 1269 1344 ut
1288 1306 1348 1347 cam
1370 1292 1570 1361 comprobaret.
1586 1290 1673 1347 immo
1684 1306 1746 1348 cum
1759 1293 1830 1346 banc
1842 1291 1913 1346 uitro

262 1387 469 1463 corporisnostri
497 1385 599 1441 metatis
619 1401 675 1440 snae
700 1392 826 1458 potestate
848 1382 1006 1450 onesimum
1021 1381 1063 1438 uel
1115 1381 1295 1439 concederent
1323 1382 1489 1449 aduersarii,
1519 1393 1600 1456 stqne
1621 1399 1657 1442 ex
1677 1385 1737 1455 ejus
1763 1385 1914 1441 humilitate
2002 1426 2003 1441 .

261 1495 323 1537 cum
337 1488 399 1553 post
415 1493 498 1550 panca
511 1477 655 1550 praedicat,
669 1478 771 1532 nostris
787 1491 849 1532 cum
865 1490 959 1532 carcre
972 1475 1063 1544 uitiis,
1115 1475 1216 1535 Christi
1230 1478 1399 1533 diuinitatem
1413 1486 1603 1536 extenuasset
1615 1478 1754 1535 intirmare
1767 1477 1916 1534 contende·
2002 1456 2003 1481 ¹

261 1590 308 1650 per
317 1573 437 1629 uirtutem
454 1573 577 1644 profecte
591 1586 622 1626 en
634 1587 661 1624 se
675 1568 792 1642 originis.
1115 1582 1195 1638 rent;
1209 1572 1263 1630 boc
1275 1573 1303 1628 ei
1322 1573 1439 1629 nnouime
1450 1573 1607 1630 enitendum
1617 1583 1687 1642 erat,
1704 1583 1734 1630 ut
1746 1575 1773 1630 in
1788 1571 1916 1642 Christo,

298 1667 344 1724 br.
360 1665 453 1736 Neque
474 1663 517 1720 hic
534 1661 667 1720 silendam
683 1662 849 1734 estrbrtippi
868 1662 901 1718 ad
914 1662 1064 1719 iohannem
1118 1674 1218 1738 praeter
1231 1667 1375 1723 humanum
1397 1675 1521 1724 naturam
1535 1709 1544 1734 ,
1559 1669 1642 1724 edam
1665 1667 1785 1724 diuinam
1800 1667 1917 1725 essede-

264 1775 438 1834 responsum.
452 1757 521 1816 Cum
531 1758 605 1814 enim
620 1757 647 1814 in
663 1757 714 1813 illis
727 1755 821 1812 llilarii
832 1756 879 1813 lib.
894 1772 913 1812 u
922 1756 956 1812 de
969 1755 1063 1825 Tria,
1080 1764 1105 1826 Β
1118 1769 1300 1828 monstrarem
1323 1770 1566 1834 argumentumque
1584 1761 1719 1830 dilueret,
1732 1761 1806 1834 quod
1818 1777 1853 1817 eu
1868 1763 1918 1817 lru·

264 1857 380 1931 Spiritus
396 1855 509 1911 Sanetus
513 1893 569 1910 .....
582 1861 688 1909 naturae
702 1869 729 1906 se
743 1857 862 1907 namanes
873 1851 1068 1906 constante·
1118 1856 1175 1912 mili
1189 1855 1261 1912 illius
1277 1855 1312 1912 de
1333 1855 1414 1912 liaris
1425 1856 1602 1928 generatione
1620 1855 1828 1913 coniciebatur.
1842 1855 1918 1924 Quod

265 1950 328 2015 cuit,
346 1947 389 2004 bic
403 1946 598 2018 blasphemiam
626 1947 774 2017 cogitaret;
792 1942 940 2016 prudenter
951 1942 1067 2014 epist.5
1118 1955 1149 2004 ut
1170 1954 1298 2018 praestet,
1319 1947 1438 2004 ostendit
1461 1947 1575 2005 hiarium
1594 1947 1727 2021 uirginem
1750 1961 1918 2020 nequaquam

265 2042 407 2116 respondit
430 2041 521 2100 Allitas
535 2040 616 2113 iunge
630 2040 798 2113 sapientior:
816 2037 954 2111 Camerqa
972 2038 1068 2092 dicitur
1118 2041 1220 2097 virtute
1244 2041 1381 2107 paternali,
1410 2040 1458 2097 sed
1486 2050 1585 2112 praeter
1615 2039 1703 2113 legem
1737 2055 1919 2104 communem,

266 2139 305 2195 uei
332 2137 413 2212 Virgo
434 2139 466 2193 de
479 2136 581 2210 Spiritu
601 2136 767 2209 concepisse,
782 2133 822 2189 oet
845 2130 963 2188 Christus
983 2131 1068 2188 carah
1118 2133 1254 2191 Christum
1275 2134 1434 2206 peperisse;
1459 2140 1583 2191 sanetum
1606 2149 1674 2192 vcro
1703 2133 1833 2205 Spiritum
1848 2177 1856 2199 ,
1870 2133 1921 2190 hoc

1130 867 1174 926 111.
1188 868 1295 942 Aliquot
1310 870 1361 926 ioci
1372 913 1380 937 ,
1392 871 1420 926 in
1433 871 1525 944 nribus
1538 870 1657 928 Hilarius
1677 871 1776 929 Christi
1794 885 1895 927 earnem
1992 868 1998 941 Ι

1159 981 1192 1021 es
1204 972 1287 1021 matre
1300 973 1431 1034 eanrptont
1444 982 1538 1038 negare
1549 967 1619 1022 nisos
1631 975 1679 1035 est,
1692 966 1877 1039 aptanunter.

267 2231 394 2304 oripirtent
406 2231 542 2305 mcepime,
559 2245 611 2286 noa
632 2228 787 2300 intelligitur
806 2226 875 2295 quod
893 2225 982 2282 diuina
1000 2224 1068 2278 sah·
1119 2234 1163 2293 est
1180 2227 1326 2298 ipsummet
1347 2226 1395 2282 liei
1408 2226 1524 2296 Filium,
1540 2227 1568 2283 in
1585 2243 1646 2284 eam
1667 2226 1920 2297 supervenientem,

266 2325 362 2380 stantia
373 2325 401 2380 in
411 2340 512 2379 carnem
520 2323 662 2389 transierit,
670 2320 709 2377 uei
715 2320 890 2390 conceptionis
901 2319 979 2394 injure
991 2335 1071 2374 musa
1119 2321 1210 2378 dirina
1221 2320 1320 2377 virtute
1331 2336 1378 2376 sua
1389 2335 1489 2392 cerpus
1499 2337 1579 2380 suum
1587 2337 1622 2380 eu
1632 2322 1745 2396 uirginis
1753 2337 1837 2379 carne
1845 2321 1923 2378 citor·

266 2414 408 2473 pratoialis
422 2416 549 2472 essdterit
557 2432 567 2482 ,·
579 2415 625 2471 sed
637 2415 762 2470 adreruns
778 2415 835 2486 ejas
849 2414 878 2468 in
894 2411 1032 2484 asrpnen
1044 2420 1071 2469 et
1120 2429 1210 2471 masse
1221 2423 1302 2486 atque
1312 2413 1485 2472 assumsisse.

266 2511 457 2586 miroopermio
477 2509 642 2584 designatur,
658 2526 704 2583 per
717 2525 794 2580 quarn
811 2507 890 2579 Virpo
900 2515 1004 2579 general
1017 2547 1025 2573 ‚
1046 2513 1071 2560 et
1157 2508 1202 2566 70.
1215 2508 1267 2576 dut
1279 2508 1337 2564 haec
1347 2507 1544 2574 observaverit,
1556 2507 1622 2566 illud
1635 2508 1698 2566 libri
1710 2525 1740 2576 t,
1754 2526 1784 2566 n.
1796 2509 1844 2576 ta,
1854 2509 1924 2580 quod

267 2601 385 2662 Christus
395 2614 542 2680 genantur.
554 2605 638 2662 ilecte
649 2605 758 2677 quidem
772 2605 829 2672 ille,
843 2604 867 2659 si
877 2609 966 2660 murteo
978 2602 1004 2658 in
1016 2600 1070 2666 his,
1122 2601 1273 2658 iohannem
1288 2609 1430 2674 tantopere
1443 2602 1593 2658 commouit
1606 2620 1613 2656 ε
1627 2600 1689 2659 Non
1702 2604 1770 2658 enbn
1785 2603 1925 2676 (Erasmus

265 2700 389 2759 adeamus
404 2701 461 2775 eine
480 2703 509 2756 in
530 2700 676 2772 Virginem,
706 2698 796 2768 Verbi,
822 2705 851 2755 st
876 2713 931 2754 nour
955 2695 1072 2768 Spiritus
1121 2693 1308 2751 obnitentibus
1319 2707 1385 2750 mss.
1400 2692 1594 2766 addiditesse)
1606 2695 1709 2768 comari
1732 2693 1823 2750 ituria
1849 2695 1926 2768 oripi-

267 2791 359 2851 Sancti
375 2793 522 2849 aduentum
533 2791 677 2848 intellexit.
1123 2803 1182 2843 neor
1196 2788 1288 2857 dedit,
1304 2787 1377 2844 nullo
1391 2788 1501 2858 negmm
1513 2787 1646 2858 percipiet
1663 2789 1701 2845 itu
1713 2788 1818 2845 dictum
1830 2829 1840 2856 ,
1853 2787 1925 2860 quod

303 2885 349 2942 68.
361 2884 391 2941 in
417 2883 584 2942 enucleanda
604 2883 720 2957 Spiritus
733 2884 817 2940 sancti
838 2897 906 2940 rore
931 2881 1004 2938 torte
1015 2880 1072 2951 jam
1126 2877 1255 2938 uidelicet
1273 2879 1355 2936 llaria
1371 2879 1481 2952 corpori
1495 2879 1598 2937 Christi
1610 2881 1742 2953 originem
1754 2892 1839 2953 atque
1853 2881 1925 2950 prin-

268 2976 376 3050 longins
388 2979 475 3033 oratio
486 2976 631 3049 processit.
647 2975 699 3032 Sed
706 2991 768 3033 cum
778 2973 964 3032 heterodoxus
978 2981 1073 3030 nostra
1123 2977 1224 3048 cipinm
1240 2976 1356 3033 rraturali
1369 2991 1417 3032 sua
1435 2976 1536 3032 uirtute
1548 2991 1601 3032 non
1623 2975 1731 3032 dederit
1744 2993 1752 3030 z
1764 2987 1795 3031 nrt
1806 2979 1877 3047 quio,
1889 2976 1927 3031 in·

269 3079 349 3131 etate
368 3070 617 3138 celebratissimus,
641 3071 745 3142 primos
767 3068 896 3125 Ecclesiae
922 3067 1017 3124 Pet-cs
1043 3067 1071 3122 in
1124 3069 1183 3141 quit
1195 3069 1251 3124 Leo
1262 3067 1370 3126 landate
1382 3068 1416 3124 ad
1427 3067 1705 3140 stauranunepruon
1714 3085 1741 3126 c.
1751 3069 1781 3135 2,
1794 3078 1928 3139 conceptas

269 3167 361 3226 multis
373 3180 531 3234 errassem
537 3164 694 3222 nominatim
706 3164 804 3221 Filium
812 3171 840 3222 et
850 3161 980 3235 Spiritum
991 3162 1112 3230 Serre-c
1132 3169 1244 3242 vtrprntr
1255 3169 1335 3224 diuini
1351 3168 1430 3242 puerit
1441 3168 1539 3241 operis,
1549 3184 1601 3223 nnn
1611 3168 1644 3224 de
1653 3177 1747 3223 narsen
1763 3166 1929 3238 excipientis

270 3269 329 3320 tum
339 3263 429 3319 solere
441 3257 607 3319 contundere
620 3261 782 3327 asseruerit;
794 3259 895 3316 nostris
905 3258 1073 3316 obseruatio·
1125 3264 1203 3336 suerit
1212 3279 1273 3318 eoru
1283 3263 1411 3334 concepti.
1421 3261 1477 3318 Nec
1486 3277 1547 3317 cum
1559 3261 1684 3318 iohanne
1695 3260 1825 3317 liilsrium
1838 3275 1928 3318 secum

272 3356 353 3414 nibus
367 3355 489 3414 nonuribil
512 3357 667 3414 neccessario
693 3355 874 3427 adjiciendum
888 3363 931 3411 est
943 3397 950 3422 ,
964 3370 998 3410 ne
1011 3354 1073 3420 aruis
1124 3364 1290 3429 pugnantem
1302 3355 1437 3422 censebit,
1450 3354 1500 3412 sed
1515 3355 1541 3409 in
1560 3355 1739 3425 conceptione
1751 3351 1857 3410 Christi
1867 3351 1929 3424 qnid

270 3451 305 3509 iis
318 3450 474 3508 rorriinnari
487 3456 562 3522 putet
574 3460 629 3506 tam
645 3450 845 3522 imprudentem
858 3449 932 3506 illius
946 3449 1073 3506 assemio·
1127 3451 1185 3517 bei,
1200 3449 1265 3522 quud
1276 3449 1372 3505 rustris
1384 3449 1421 3505 sit
1429 3456 1555 3504 accurate
1566 3447 1778 3518 distinguentem
1789 3445 1929 3516 suspiciet,

272 3559 347 3602 nem.
362 3543 442 3602 Aliud
454 3552 529 3601 certe
544 3550 587 3600 est
600 3542 701 3616 primos
716 3542 811 3600 Patres
824 3544 857 3597 ad
880 3542 1074 3598 enuntiandam
1127 3562 1189 3604 cum
1201 3554 1262 3617 post
1272 3546 1352 3602 allatu
1366 3545 1468 3602 verbs:
1486 3543 1547 3600 Non
1557 3545 1625 3601 enim
1638 3543 1724 3600 llario
1734 3546 1839 3617 corpori
1850 3544 1930 3617 origi·

271 3633 461 3693 secundamus
472 3636 581 3690 tertiam
593 3633 733 3691 Trinitatis
744 3647 886 3704 personam
897 3649 931 3692 eo
943 3633 1077 3691 uooobnro
1127 3657 1185 3698 nens
1196 3641 1278 3708 dedit,
1290 3641 1420 3697 eountlnuo
1431 3638 1537 3712 legerit,
1547 3639 1810 3694 lieetadinerernenta
1820 3646 1932 3708 portem

272 3719 464 3784 indifferenter
478 3729 529 3796 uti,
545 3725 616 3800 quod
632 3725 762 3798 temporis
776 3740 904 3795 proccessu
917 3727 1005 3782 tertie
1018 3741 1080 3795 pro-
1129 3752 1178 3808 que
1188 3734 1305 3802 corporis
1317 3749 1392 3788 nunna
1403 3735 1472 3804 quod
1489 3748 1565 3789 rerer
1577 3733 1619 3788 eni
1629 3740 1685 3798 ert,
1707 3732 1867 3804 praetiterit.
1881 3731 1932 3788 Aut

272 3822 359 3893 prium
367 3821 515 3878 factumest
526 3837 533 3876 a
543 3821 626 3887 aliud,
640 3837 688 3878 ens
699 3821 855 3892 personales
866 3820 1004 3889 utriusque
1017 3833 1081 3891 pro-
1130 3830 1154 3886 εἰ
1170 3831 1228 3885 traec
1241 3835 1360 3899 pugnant
1372 3869 1380 3896 ,
1393 3834 1492 3899 pugnet
1506 3835 1534 3882 et
1548 3825 1615 3882 illud
1630 3825 1730 3882 Leonis
1745 3839 1808 3881 mos
1823 3839 1927 3881 memu-

271 3913 401 3987 prietates
413 3913 588 3971 contundere.
601 3913 726 3970 henneis
734 3913 844 3986 quiden
860 3912 963 3984 aliquot
975 3910 1082 3968 seculis
1131 3930 1192 3978 rato
1205 3920 1276 3988 loco,
1288 3919 1333 3974 obi
1346 3919 1433 3990 ipsam
1443 3918 1709 3976 flltarttsentemrau
1719 3916 1928 3973 attisdnmrsxar

273 4008 360 4064 tertiae
368 4021 492 4081 personae
499 4008 636 4080 proprium
645 4006 815 4064 habitumest
823 4007 937 4081 Spiritus
949 4006 1084 4064 sanctino.
1132 4013 1225 4070 uerbis
1237 4012 1345 4068 uidetur
1356 4010 1510 4082 exprimere
1522 4029 1530 4065 ι
1540 4009 1736 4066 Fecunditatenn
1747 4013 1816 4065 erum
1833 4008 1932 4082 Virgini

271 4103 407 4172 sabulum,
430 4101 502 4176 qnod
518 4103 612 4174 primis
624 4102 747 4159 audierat
759 4104 808 4156 tati
823 4099 946 4157 Trinitati
962 4115 1083 4156 commu·
1134 4107 1251 4178 spiriru
1262 4118 1364 4163 moerus
1377 4107 1650 4171 dedir,oerirnsuatern
1661 4105 1893 4175 corporismmpro
1903 4105 1934 4160 ds

272 4211 308 4254 ne
322 4214 329 4250 :
343 4203 512 4266 utnusquam
532 4196 603 4269 apud
616 4195 712 4254 Patres
727 4197 847 4266 reperire
862 4203 904 4253 est
916 4195 1044 4253 conclusas
1056 4190 1085 4251 ci
1134 4219 1243 4275 corpore
1259 4213 1314 4268 eet,·
1334 4211 1434 4274 pugnet
1457 4208 1487 4257 ct
1504 4201 1576 4272 quud
1587 4200 1734 4272 Gergouiae
1747 4199 1814 4257 lise.
1825 4199 1874 4256 or.
1888 4199 1931 4267 bi,

279 4305 334 4348 non
350 4289 492 4348 distinctas
504 4289 565 4347 Filii
585 4298 613 4348 et
625 4289 742 4362 Spiritus
762 4289 854 4346 Sancti
869 4303 1019 4360 personam
1034 4300 1084 4357 ut,
1135 4312 1164 4352 n.
1179 4295 1226 4364 93,
1241 4295 1348 4362 scribit,
1359 4293 1470 4352 uariant
1483 4309 1545 4352 esse
1566 4294 1667 4352 Christi
1681 4303 1795 4351 matrem
1807 4295 1885 4362 {neta
1898 4294 1933 4348 ie·

280 4383 357 4444 verbi
368 4388 465 4457 gretie,
479 4385 544 4441 iilud
558 4383 707 4458 Evangelii,
721 4385 750 4440 irt
762 4385 864 4440 numine
887 4383 1010 4440 Patriaet
1022 4381 1087 4438 Filii
1135 4405 1192 4461 pem
1205 4397 1230 4444 et
1241 4405 1294 4444 nen
1301 4391 1379 4462 Juxta
1392 4388 1473 4459 tepent
1484 4389 1673 4461 pmmutianis,
1684 4390 1754 4463 νόμῳ
1769 4392 1813 4446 καὶ
1826 4391 1857 4445 ed
1867 4389 1935 4462 pipp

281 4483 305 4532 et
317 4476 433 4550 Spiritus
448 4477 540 4534 Sancti
555 4477 781 4548 interpretantes,
795 4478 892 4534 Filium
912 4483 941 4533 et
955 4475 1085 4548 Spiritum
1135 4488 1292 4560 γεννήσεως
1306 4482 1348 4539 uel
1360 4481 1432 4554 qnod
1444 4483 1526 4553 epist.
1542 4481 1569 4549 1,
1579 4481 1613 4538 ad
1622 4479 1933 4550 Cledonium,dctendit,

277 4569 404 4628 Sanctum
413 4568 652 4637 cornluderint,uec
661 4569 826 4628 subsistendi
836 4570 940 4626 ratione
950 4568 1081 4625 distinxe·
1094 4554 1123 4615 Ῑ)
1135 4575 1273 4631 Christum
1293 4574 1397 4632 scilieet
1417 4574 1444 4629 in
1468 4575 1551 4631 llaria
1564 4574 1650 4632 diuino
1663 4575 1740 4630 modo
1750 4617 1758 4643 ,
1770 4575 1833 4644 osia
1844 4575 1936 4646 airqss

278 4662 344 4722 rint.
358 4660 435 4734 Qurnd
446 4674 537 4720 eutem
548 4663 608 4722 haec
622 4663 737 4739 Spiritus
748 4664 861 4722 Sanctus
880 4665 1039 4740 superveniet
1057 4665 1086 4720 in
1135 4670 1184 4725 uiri
1197 4686 1285 4744 opero,
1296 4679 1320 4725 et
1334 4669 1461 4737 mnan,
1474 4669 1534 4738 quia
1548 4669 1733 4739 procreationis
1757 4669 1822 4740 depe,
1840 4669 1937 4739 {mmu-

278 4765 312 4828 te,
326 4765 355 4815 et
368 4759 420 4816 ulia
434 4758 601 4831 hujusmodi,
614 4776 674 4832 quae
690 4775 761 4818 eruere
774 4760 809 4817 ad
820 4759 948 4832 Spiritum
958 4760 1085 4818 Sanctum
1136 4772 1192 4820 tum
1204 4779 1280 4831 eure,·
1303 4775 1399 4819 secum
1427 4759 1545 4832 deniqne
1566 4767 1666 4832 pugnet
1684 4761 1743 4818 bac
1763 4759 1799 4816 de
1820 4757 1936 4816 mirabili

278 4852 443 4920 referuntur,
465 4854 607 4912 retulerint
627 4853 661 4910 ad
687 4853 806 4920 Filium;
821 4855 889 4910 citra
915 4868 1035 4910 errorem
1059 4866 1088 4921 er
1137 4856 1259 4930 ejusdcm
1274 4855 1390 4928 Virginis
1402 4855 1582 4926 conceptione
1601 4853 1760 4910 Tertulliani
1782 4853 1933 4916 sententie,

278 4948 382 5022 absque
420 4947 475 5005 ullo
506 4946 568 5004 lldci
596 4946 715 5019 periculo
747 4945 848 5002 lactum
881 4953 932 5001 est.
957 4945 991 5001 lis
1014 4947 1087 5001 euim
1138 4950 1255 5021 Peperit,
1266 4959 1290 5004 et
1300 4946 1673 5021 nonpeperitrpeperiteninr,
1683 4958 1936 5018 qaeeemaeorna

278 5043 425 5100 verbisaur
442 5055 635 5113 personaque
663 5053 763 5108 corpus
785 5053 801 5095 a
830 5037 919 5096 verbo
936 5049 1085 5095 assumtum
1139 5052 1225 5098 ernon
1238 5043 1348 5116 peperit,
1359 5058 1417 5113 qao
1430 5058 1482 5097 aon
1495 5041 1586 5096 eeoiri
1605 5040 1711 5106 umine,
1735 5038 1785 5096 sed
1808 5055 1841 5095 ex
1858 5033 1934 5092 Verbi

278 5135 416 5205 condidit,
432 5149 477 5192 aut
490 5150 551 5207 qaae
571 5131 635 5189 illud
653 5133 782 5190 assumsit
792 5131 976 5204 signitlcetur:
991 5132 1014 5188 si
1026 5145 1085 5204 quae
1138 5137 1248 5192 uirtute.
1262 5134 1345 5193 Certe
1356 5151 1418 5192 cum
1442 5134 1470 5190 in
1486 5133 1597 5206 Virgine
1614 5147 1761 5204 numquam
1775 5139 1934 5201 conseptum

279 5228 518 5300 condidit,integra
532 5227 658 5284 critddes
669 5227 702 5284 ad
715 5225 1031 5300 qnanrlibetrclerautur;
1042 5228 1083 5282 sin
1139 5227 1235 5285 luisset
1246 5226 1350 5285 Cbristi
1362 5242 1480 5300 corpus,
1492 5227 1544 5283 nisi
1557 5225 1753 5299 superueniens
1763 5226 1790 5283 iu
1802 5240 1863 5283 mun
1876 5223 1936 5296 Spi-

279 5335 370 5382 eutem
383 5335 444 5394 quae
458 5319 615 5392 assumpsit,
629 5318 663 5375 ad
677 5318 773 5376 liilarii
784 5319 953 5392 aliorumque
974 5319 1084 5376 Petrum
1138 5323 1208 5379 ritrrs
1220 5322 1413 5380 fecunditatem
1436 5323 1460 5378 ci
1485 5321 1675 5393 prestitisset;
1690 5335 1745 5376 nnn
1765 5319 1823 5391 ipsa
1838 5319 1934 5391 Virgo,

279 5415 532 5489 interpretationem
551 5413 604 5470 erit
622 5411 798 5470 redeundum.
812 5413 904 5487 ltaque
916 5415 1019 5486 absque
1031 5413 1084 5468 nulla
1138 5415 1187 5473 sed
1210 5416 1326 5486 Spiritus
1350 5415 1483 5472 dicendus
1496 5423 1540 5472 est
1558 5415 1666 5484 corpori
1687 5411 1792 5468 Christi
1808 5413 1935 5482 originem

280 5512 435 5570 diuinarum
446 5523 624 5582 personarum
640 5507 801 5566 confusione
810 5508 879 5565 utria
890 5508 1018 5574 llilurius,
1032 5506 1084 5563 liei
1139 5508 1296 5583 prebuisse.
1310 5509 1395 5566 Recte
1408 5509 1490 5581 igitur
1502 5507 1570 5564 dixit
1580 5506 1699 5562 liirsrius
1719 5521 1795 5562 num.
1810 5506 1846 5561 lii
1857 5521 1864 5557 :
1877 5499 1935 5557 aon

282 5605 412 5682 Spiritum
422 5602 471 5661 Dei
480 5606 617 5674 uirtutem,
634 5603 683 5661 Dei
695 5606 850 5680 sapientiam
862 5647 870 5674 ,
880 5603 930 5661 Dei
944 5602 1045 5660 Filium
1058 5609 1083 5659 et
1134 5605 1203 5661 enim
1215 5606 1319 5676 corpori
1334 5603 1420 5659 aurio
1432 5601 1557 5674 oripinem
1568 5599 1677 5674 prebuit
1690 5613 1761 5656 :nec
1775 5599 1864 5654 miurus
1875 5606 1936 5651 rere
2002 5644 2003 5671 ,

281 5701 442 5776 unigenitum
454 5697 536 5757 lisam
548 5741 556 5768 ,
570 5699 606 5756 ad
626 5701 804 5758 cesssionem
815 5699 913 5773 peccati
927 5698 1082 5755 condemna·
1135 5713 1210 5756 uum.
1226 5696 1261 5754 18
1270 5697 1397 5768 subjecit,
1412 5691 1475 5766 lpse
1487 5693 1556 5749 enim
1565 5692 1682 5766 carparis
1692 5691 1734 5748 asi
1746 5691 1820 5765 origo
1829 5697 1873 5746 est.
2002 5692 2003 5707 ¹

283 5799 425 5872 lienemque
435 5798 533 5873 menti
542 5793 616 5868 han,
626 5795 755 5854 hominene
772 5803 861 5854 natam
873 5811 928 5852 esse
937 5809 947 5850 .·
957 5809 1019 5852 cum
1032 5809 1080 5851 ua-
1171 5791 1218 5849 71.
1234 5789 1272 5849 ltu
1283 5785 1536 5863 pubetsmtuetus,
1551 5785 1639 5845 rideri
1653 5783 1787 5846 Hilarium
1795 5779 1896 5842 Christi
1906 5790 1938 5835 ex

240 5981 277 6016 k.-
