4042 6342
122 308 177 366 689
666 314 877 379 tancradus
897 318 930 377 ltt
948 320 1044 381 CXXV
1068 324 1245 384 PsnutttJtt.
1717 340 1772 399 tto

119 427 341 485 christononers
360 427 446 504 (Poll.
461 445 481 495 ι,
504 430 563 497 23).
588 430 687 487 Surmus
712 447 784 488 nunc
810 432 1132 508 quidem-Aeminium
1148 441 1285 513 quomodo
1309 458 1380 503 ιιιιιιι
1394 452 1423 501 ιι
1442 460 1457 502 a
1479 464 1510 506 so
1529 458 1669 509 avertatur
1691 458 1773 513 ouatl

118 522 268 579 consolati:
282 522 344 594 quia
361 522 489 578 Dominus
503 523 559 578 ait:
576 522 662 579 llittet
674 524 789 598 uolisln)
800 526 917 581 stolium
969 528 1023 587 Sed
1036 532 1062 588 ln
1074 534 1259 603 superioribus
1280 537 1444 607 propheticae
1464 541 1587 599 scientiae
1608 541 1661 601 luit
1678 560 1769 603 sermo

119 615 308 669 consolatorem
334 611 423 684 (tom
438 630 490 679 mv,
505 613 560 687 lt).
576 612 645 671 Cum
659 616 735 683 dicit,
751 618 843 683 olium,
869 631 916 673 su·
969 619 1120 679 futurorum
1143 626 1240 696 gaudit
1264 636 1399 700 nmquam
1422 627 1457 688 de
1482 635 1620 703 preterito
1635 634 1675 709 (l)
1702 654 1772 695 nun-

117 722 230 781 pcresse
242 721 274 763 se
286 706 376 763 docet.
391 706 520 778 Superest
533 708 605 765 enim
622 718 787 780 :exspectat
799 726 916 783 namque
968 711 1060 769 tiantis
1077 732 1084 769 :
1100 730 1171 773 nune
1194 730 1283 775 alutem
1303 718 1337 777 de
1356 724 1510 781 auertendis
1531 708 1652 799 (subaud.
1680 731 1771 796 malls,

117 799 208 853 omnis
221 809 345 855 ereatura
359 800 549 855 revelationem
564 799 681 857 dliorum
704 802 761 857 llel.
776 801 918 861 lleuelntio
968 804 1008 860 sel
1036 807 1133 881 uitiis)
1158 810 1309 869 eonamunis
1329 822 1372 869 est
1393 814 1491 879 oratio,
1517 817 1559 873 eui
1583 832 1613 875 se
1641 819 1774 891 propbeta

116 889 176 955 illa,
193 899 379 946 consummata
392 891 543 949 consolatio
552 901 603 949 est.
614 892 696 949 (intel
705 910 749 950 um
765 910 837 950 nune
851 906 917 951 tota·
967 896 1009 971 (2)
1022 901 1126 956 tametsi
1136 898 1175 975 (q)
1188 903 1304 973 lpsenon
1317 906 1624 977 etleoptusndmisceal,
1637 918 1772 984 tunquam

115 998 196 1051 man
211 980 250 1057 (l)
263 982 413 1039 consolatio
426 991 485 1051 est;
509 984 566 1054 ipsa
581 986 688 1042 intetim
702 1002 755 1042 nou
780 998 914 1056 carentes,
967 989 1056 1048 adbuc
1076 992 1102 1047 ln
1130 993 1225 1049 iisdem
1244 1009 1356 1053 ecesse
1382 1012 1538 1071 eognoscat.
1568 1000 1704 1073 Scriptum
1730 1013 1773 1061 est

114 1074 181 1131 lieet
193 1075 481 1131 siteonsummationls
491 1089 549 1133 suae
560 1075 639 1132 nobis
654 1076 762 1133 residua
775 1078 914 1148 pertento.
968 1087 1040 1142 enim
1057 1104 1063 1141 :
1077 1085 1169 1142 lamus
1178 1088 1205 1141 in
1217 1090 1345 1161 principio
1355 1092 1481 1149 sermonis
1495 1094 1546 1159 sui,
1563 1094 1619 1163 ipse
1636 1096 1684 1151 tili
1697 1112 1774 1151 oocu-

150 1168 178 1221 il.
199 1166 337 1224 Conversio
353 1179 442 1226 nostro
459 1168 507 1224 liei
530 1188 634 1228 manas.
651 1170 836 1229 Contemnunt
859 1184 916 1230 sto·
968 1186 1039 1232 sotor
1052 1188 1088 1233 est
1112 1176 1203 1251 (Prot.
1228 1181 1397 1254 xutu1,l'l);
1423 1193 1451 1238 et
1473 1199 1579 1240 attrsum
1607 1204 1614 1241 ι
1643 1185 1772 1259 Confitere

112 1273 156 1319 tos
170 1280 248 1336 qnam
274 1264 366 1321 melior
381 1274 449 1321 statu
469 1276 641 1337 peccatorum.
667 1298 704 1308 -
725 1266 854 1338 Replelur
877 1266 914 1341 (c)
968 1270 1194 1343 primumpeceolo
1207 1282 1260 1336 tuo,
1276 1284 1304 1327 nt
1322 1274 1474 1349 justificetis
1496 1276 1571 1349 (Ero.
1599 1295 1677 1348 xalta,
1697 1281 1775 1356 26).·

112 1358 198 1414 etiam
213 1357 311 1429 gaudio
321 1372 354 1414 os
373 1368 506 1426 nostrum,
528 1368 556 1415 et
576 1360 668 1432 lingua
693 1370 788 1417 nostra
810 1361 916 1417 exulta-
966 1374 1016 1422 et:
1031 1364 1103 1422 Beati
1117 1366 1242 1441 turpentes,
1258 1368 1380 1437 quonian
1391 1370 1441 1439 ipsi
1454 1372 1773 1446 consolabantur(llottlu.

112 1453 210 1509 tione:
226 1468 280 1509 non
299 1451 544 1509 enimsulllelentia
559 1462 624 1511 sunt
637 1454 670 1509 ad
682 1453 838 1529 referendas
860 1454 918 1510 beo
967 1473 994 1525 ι,
1009 1458 1049 1530 5).
1064 1457 1120 1515 Scit
1140 1458 1249 1529 quidem
1271 1462 1400 1530 propheta
1422 1476 1452 1519 se
1473 1462 1588 1521 liberum
1612 1482 1620 1532 ς
1641 1466 1688 1523 sed
1703 1477 1773 1523 tam-

111 1546 210 1605 laudes
230 1546 328 1619 lopun
352 1556 452 1604 nostros
475 1559 556 1619 atque
570 1547 626 1604 oris
643 1546 743 1603 oldeia.
756 1547 917 1604 llutarimus
967 1566 1047 1623 qnam
1062 1560 1155 1624 eaptus
1171 1552 1225 1609 lleo
1240 1552 1366 1611 subditus
1377 1566 1428 1623 est,
1441 1558 1499 1614 siue
1517 1574 1564 1629 per
1575 1561 1690 1632 propriae
1704 1577 1771 1618 con-

110 1638 230 1697 crimina
252 1639 279 1696 in
296 1638 488 1703 innocentiam,
511 1638 575 1695 uitia
596 1639 625 1696 in
645 1640 767 1709 virtutes,
790 1640 916 1711 lqnonan-
967 1644 1092 1701 iussionis
1106 1644 1275 1719 disciplinam
1293 1666 1300 1703 :
1315 1648 1377 1719 quia
1397 1651 1440 1707 ubi
1454 1654 1556 1723 peceati
1570 1655 1768 1727 contessioest,

110 1734 179 1789 tiam
193 1732 220 1788 in
234 1731 427 1804 cognitionem,
453 1732 642 1789 interitum'ln
657 1733 889 1790 immortalitatem
907 1750 914 1789 ι
967 1736 1006 1794 ibi
1018 1748 1046 1795 ιι
1065 1738 1225 1810 justillcmio
1242 1741 1326 1797 alteo
1340 1750 1399 1810 est;
1423 1743 1493 1814 quud
1520 1743 1548 1801 in
1577 1748 1719 1818 publicano
1745 1759 1774 1807 et

110 1836 141 1884 et
157 1826 207 1883 loe
219 1826 260 1901 (d)
276 1842 292 1881 a
307 1826 370 1894 beo,
387 1827 502 1899 qratiam
519 1826 634 1885 iaciente
646 1827 865 1900 poenitendorum
888 1836 916 1884 ιι
930 1830 955 1892 Β
967 1829 1102 1904 pharisaeo
1117 1832 1246 1890 Dominus
1260 1843 1375 1891 testatus
1393 1842 1445 1901 est,
1468 1851 1529 1893 cum
1556 1838 1706 1908 phariseus
1726 1841 1773 1911 Ju-

109 1934 247 1976 nnvorum
263 1920 394 1975 bonorum
408 1918 483 1976 initia
498 1920 639 1979 reddente.
656 1921 734 1990 Quod
748 1923 820 1977 enim
831 1930 918 1993 npta·
969 1933 1040 1979 stum
1052 1940 1082 1982 se
1095 1925 1225 1997 gloriatus
1240 1937 1293 1995 est,
1312 1927 1471 1999 publicanus
1492 1946 1557 1986 vero
1581 1947 1629 2002 pro
1651 1933 1771 2005 peccatis

110 2010 198 2069 bilius
222 2013 302 2069 nobls
323 2022 366 2070 est
387 2014 514 2083 tempusl
538 2030 592 2087 quo
617 2014 847 2085 adulterabamus,
873 2024 920 2071 aut
969 2019 1348 2086 orasset,aitenim:1lmen
1366 2019 1522 2104 litoralis,
1549 2025 1669 2095 quoniam
1690 2027 1773 2099 napis

108 2119 170 2177 qno
182 2105 369 2162 maluissemus
383 2106 501 2179 uirgines
512 2107 618 2166 loiseel
630 2123 685 2180 quo
704 2108 774 2165 ebrii
797 2125 919 2179 eramus,
964 2110 1126 2184 justificatus
1136 2120 1174 2167 est
1187 2110 1339 2183 publicanos
1350 2128 1426 2185 quom
1441 2113 1583 2184 plusianus
1598 2112 1676 2189 (Luc.
1696 2131 1772 2186 xatus,

110 2207 163 2253 aut
176 2213 230 2269 quo
239 2197 349 2271 jeiuniis
363 2200 505 2256 letamur?
519 2217 573 2274 quo
585 2202 708 2274 pecunia
718 2202 917 2271 serviebamus,
971 2202 1029 2275 lt).
1056 2202 1120 2260 Siue
1141 2218 1205 2275 erqo
1227 2206 1262 2261 ob
1285 2204 1311 2261 td
1338 2207 1468 2278 propheta
1494 2208 1616 2265 converti
1637 2210 1776 2283 eaptivita-

112 2300 165 2346 aut
188 2307 241 2361 quo
267 2292 380 2363 pecumt
403 2303 495 2349 nostra
509 2292 684 2379 beuuiqnitatis
703 2303 746 2350 est
768 2295 921 2365 ususiquo
971 2302 1025 2348 tem
1040 2291 1079 2365 (lu)
1106 2295 1288 2352 incommune
1317 2307 1452 2368 precatur,
1475 2314 1522 2355 sen
1548 2300 1620 2371 quod
1643 2302 1772 2375 populum

113 2384 251 2441 eleemonis
262 2385 451 2452 adorabamus,
464 2386 500 2460 (e)
519 2400 564 2441 aaut
576 2401 630 2456 quo
642 2386 784 2443 dementis
804 2386 917 2457 impera·
970 2399 1079 2442 onlnem
1096 2401 1111 2440 a
1132 2387 1250 2458 peccatis
1273 2398 1381 2459 captum
1405 2389 1525 2456 sciebat;
1551 2400 1579 2445 et
1605 2393 1684 2463 sicut,
1711 2408 1773 2449 cum

113 2478 267 2548 musique
282 2477 505 2549 plaoenesaeenlo
522 2477 714 2547 gestiebamus,
729 2490 776 2534 aut
792 2492 847 2551 quo
869 2493 921 2535 ιι-
971 2476 1102 2549 apostolo
1121 2478 1206 2551 (juxta
1224 2480 1415 2553 Apostolum),
1445 2482 1568 2539 membro
1594 2483 1639 2540 ιιιιί
1669 2498 1769 2557 corpus

114 2572 209 2628 culum
221 2572 441 2645 uincimuslquo
467 2571 550 2627 Delum
575 2570 773 2638 nesciebamus,
797 2580 844 2627 aut
866 2586 921 2643 quo
971 2572 1224 2641 omneeompatitur
1238 2570 1333 2646 (lCor.
1350 2572 1467 2646 madii),
1484 2574 1518 2630 ita
1542 2582 1570 2631 et
1591 2576 1690 2647 populo
1709 2591 1772 2649 eap-

116 2664 243 2722 luoredes
257 2666 312 2721 beo
322 2664 527 2737 praeparamini
973 2662 1028 2718 tito
1041 2677 1056 2717 a
1069 2662 1188 2734 peccatis
1203 2662 1333 2736 propheta
1348 2674 1495 2737 concaptus
1506 2675 1558 2723 est.

154 2761 182 2815 9.
202 2758 276 2816 llam
288 2761 345 2829 spei
361 2767 460 2816 alostum
474 2758 554 2814 tudem
572 2766 668 2830 gentes
689 2757 918 2827 contemplantes,
1009 2756 1053 2811 ll.
1077 2755 1195 2812 Sationes
1209 2755 1277 2811 due,
1292 2756 1389 2815 -Sed
1402 2767 1491 2814 tamen
1506 2772 1586 2815 orare
1597 2774 1646 2830 pm
1658 2759 1772 2830 eaptivi-

116 2850 215 2909 dicnnt
237 2849 434 2922 :llopnipteonit
450 2851 574 2905 Dominus
588 2853 674 2921 toene
692 2866 751 2904 cum
769 2848 921 2906 illinitum
972 2849 1638 2919 tatesuabonumsibiessedemonstrat,dieens,
1653 2852 1772 2909 lensii
1856 2908 1859 2921 ,

116 2945 148 3001 ln
167 2944 282 3001 virtutes
296 2944 422 3001 vitiorum
435 2943 647 2999 densaatationom
671 2951 849 3009 contuentes,
872 2942 920 2999 bei
971 2952 998 2999 ιι
1021 2942 1038 2998 6
1064 2960 1072 2995 :
1100 2942 1151 3011 Qui
1177 2943 1285 2997 mutinae
1316 2944 1343 2997 in
1375 2944 1507 3017 lecrpnuis,
1529 2946 1556 3000 in
1577 2946 1672 3017 quodie
1687 2955 1772 3001 metet.

117 3035 148 3092 in
179 3050 230 3091 nos
256 3034 481 3107 magnificentiam
505 3033 683 3091 admirantur.
700 3033 818 3105 idipsum
838 3034 919 3091 etiam
973 3033 1070 3090 linotet
1081 3034 1152 3089 ilont
1162 3043 1186 3089 et
1197 3035 1302 3105 debent,
1316 3036 1442 3091 mittentes
1457 3038 1555 3093 semino
1566 3054 1626 3092 aaa.
1639 3034 1776 3093 Venientes
1858 3062 1863 3069 ·

117 3144 155 3186 ex
181 3144 262 3185 sensu
285 3128 391 3199 adepte
416 3127 495 3198 lnjun
520 3127 705 3194 beatitudinis,
734 3142 784 3183 nos
812 3141 920 3199 quoque
971 3141 1058 3187 nutem
1072 3130 1170 3184 uenient
1184 3129 1387 3198 ineoultotione,
1400 3140 1530 3203 portantes
1543 3130 1773 3201 manipnlossnos.

117 3221 283 3279 eondnmur
297 3220 499 3293 iuouisqaudiu
513 3220 647 3291 etliuquae
659 3220 824 3276 exultatione
839 3236 846 3274 ι
862 3219 957 3292 llo-c
973 3221 1040 3291 Quis
1060 3220 1104 3277 bie
1119 3220 1152 3277 ad
1180 3220 1289 3277 ludaeos
1310 3238 1402 3278 sermo
1424 3229 1477 3287 est,
1504 3232 1532 3277 ut
1553 3236 1648 3277 ιιιιιιιι
1671 3222 1697 3279 in
1722 3221 1775 3277 laoe

119 3316 254 3387 qniptcotit
269 3314 395 3372 nonanes
416 3319 502 3387 toene
513 3313 645 3369 nobiscum
667 3328 677 3368 :
702 3313 764 3385 soen
785 3329 873 3369 annuas
886 3312 922 3386 (0
976 3315 1081 3387 psalmo
1092 3314 1215 3372 videatur
1228 3314 1387 3388 propbetsta
1402 3315 1564 3386 eaptivitas?
1578 3314 1644 3383 Qun
1658 3328 1723 3370 uero
1740 3316 1776 3371 ad

119 3408 248 3463 intentes.
262 3407 397 3463 Laetamur
418 3406 492 3463 enim
513 3406 547 3462 de
569 3404 703 3477 prolnndo
727 3419 760 3460 ae
774 3404 923 3461 miserabili
975 3422 1147 3464 communem
1160 3407 1269 3463 bomani
1285 3408 1393 3479 generis
1403 3407 1626 3464 consuetudinem
1640 3406 1710 3463 ratio
1721 3407 1777 3464 esti

120 3516 204 3557 eoeno
217 3516 288 3557 osane
301 3487 407 3557 ablutos
420 3516 469 3555 nos
479 3500 573 3568 luisse,
591 3509 619 3556 ιι
632 3514 719 3557 notos
742 3514 776 3556 ex
794 3500 922 3557 omnibus
975 3500 1042 3570 Quis
1055 3501 1127 3555 enim
1145 3514 1271 3571 umquam
1286 3514 1381 3557 serem
1394 3498 1552 3557 dutitiam
1574 3500 1703 3571 numquid
1724 3500 1776 3556 ltu-

120 3594 185 3649 uitn
199 3593 344 3649 annularis
353 3593 426 3650 uitiis
437 3592 603 3649 constitisse.
972 3592 1017 3662 jus
1043 3592 1221 3649 lamentabilis
1242 3592 1353 3649 sationis
1376 3591 1477 3649 luders
1500 3606 1565 3649 usus
1592 3607 1626 3649 cx
1641 3592 1699 3664 lege
1713 3594 1777 3649 esti

158 3686 203 3743 lt).
225 3683 277 3742 Gur
289 3688 422 3757 superiora
435 3687 462 3741 in
476 3689 615 3757 preterito,
628 3687 655 3741 in
671 3689 759 3758 tuturo
777 3687 918 3758 sequentia.
973 3683 1148 3756 Nequaquam
1163 3684 1244 3755 igitur
1255 3684 1325 3740 istud
1336 3685 1467 3755 scriptum
1482 3698 1596 3756 usquam
1613 3691 1658 3741 aut
1669 3693 1776 3755 gestum

118 3808 159 3822 -
172 3778 206 3834 Et
221 3778 283 3850 quia
296 3778 427 3850 propbeta
444 3780 539 3834 luturoe
559 3779 616 3849 spei
639 3778 734 3850 poradta
748 3779 919 3851 loquebatur,
973 3787 1018 3836 est
1030 3798 1037 3834 :
1051 3778 1099 3835 eod
1115 3786 1158 3837 est
1177 3778 1315 3851 prophetia
1330 3779 1517 3851 superioribus
1535 3780 1617 3839 dictis
1641 3794 1774 3838 connexa.

119 3872 186 3927 licet
207 3870 355 3927 secundum
376 3870 524 3941 Scripturas
537 3869 762 3927 connsuetudinem
782 3881 917 3942 tamquam
971 3871 1045 3929 [luas
1059 3881 1149 3929 ιιιιιιιι
1163 3885 1224 3928 esse
1246 3872 1365 3927 sationes
1389 3879 1500 3929 sanictos
1517 3869 1657 3943 apostolus
1675 3871 1775 3929 Paulus

121 3966 157 4023 de
172 3965 315 4036 preteritis
323 3964 506 4036 gratularetur
520 3983 527 4018 ι
545 3974 634 4019 tamen
648 3978 696 4034 per
707 3972 918 4034 consequentem
970 3962 1075 4031 docuit,
1090 3964 1179 4019 earnis
1203 3971 1231 4018 et
1243 3963 1354 4033 spiritus
1370 3962 1443 4037 (Gal.
1456 3979 1493 4027 vu,
1513 3963 1542 4034 8)
1558 3980 1566 4019 ι
1583 3964 1779 4019 demonstratis

120 4073 231 4132 precem
246 4073 298 4113 non
312 4054 443 4131 Imaui
458 4056 588 4125 temporis
598 4070 641 4111 res
654 4057 702 4109 bas
718 4070 779 4110 esse
789 4055 920 4123 declarat,
969 4065 998 4112 et
1010 4054 1176 4111 enumeratis
1186 4054 1333 4111 seminibus
1343 4056 1454 4110 sationis
1467 4055 1616 4124 utriusque,
1635 4068 1695 4109 eum
1710 4068 1776 4110 caro

122 4153 229 4219 dicens,
260 4149 347 4206 teus.
377 4154 394 4205 t
421 4148 583 4215 :conserta
608 4146 725 4215 llonnine,
750 4148 923 4217 captiuitatem
971 4147 1114 4215 adulteria,
1128 4145 1269 4213 renellcla,
1283 4144 1772 4211 comessationes,ebrictatemnuari·

121 4254 247 4301 nostrum.
262 4242 292 4300 Sl
304 4242 353 4298 luit
368 4252 504 4314 tamqnam
518 4239 673 4298 consolatus
689 4254 751 4296 euru
769 4253 863 4297 aversa
878 4247 922 4295 est
972 4238 1054 4308 tiana,
1067 4236 1149 4313 m
1159 4237 1350 4305 idololatriam,
1362 4246 1388 4293 ιι
1398 4246 1496 4296 caetera
1507 4236 1549 4293 bis
1561 4235 1661 4293 similla
1673 4244 1778 4295 smeret

161 4402 204 4479 (l)
224 4402 363 4460 Nuntium.
1015 4394 1057 4467 (t)
1076 4392 1319 4467 Tmnqttotnstipte
1332 4393 1482 4466 siteoptas.

164 4567 204 4642 (ιι)
223 4565 389 4623 Vocabulum
400 4572 474 4639 poter
486 4562 513 4619 in
529 4562 644 4634 vulgatis
660 4560 705 4617 hie
723 4558 856 4629 adjectum
871 4567 924 4628 est,
938 4558 1237 4632 Dtnmtepcomtotls
1253 4560 1372 4615 animum
1394 4559 1429 4614 acl
1442 4556 1624 4631 poettltrntluan.
1638 4555 1673 4614 At
1683 4556 1778 4626 lectio,

124 4646 200 4713 qnod
212 4639 289 4695 abest
306 4651 401 4693 amss.
416 4645 448 4693 ut
466 4647 548 4706 supra
571 4634 654 4705 inps.
680 4646 743 4697 cxx,
763 4646 793 4687 n.
813 4630 842 4687 d.
865 4630 928 4688 ltox
979 4647 1060 4703 quam
1075 4631 1235 4688 exhibemus
1245 4648 1278 4687 ιιι
1300 4646 1351 4687 nas.
1377 4630 1439 4687 llio.
1464 4645 1513 4701 per
1528 4643 1558 4684 se
1571 4627 1693 4685 absoluta
1707 4629 1776 4685 inte·

126 4720 191 4783 post
201 4724 343 4782 superesse,
355 4708 563 4780 expungendum
583 4706 742 4761 violeturne.
758 4700 926 4827 Quamquam
978 4718 1055 4831 *ram
1077 4712 1186 4773 praestat
1209 4702 1370 4759 sententiam
1388 4720 1395 4756 ι
1410 4703 1489 4774 eique
1512 4714 1621 4771 pmrsus
1644 4698 1782 4756 consentit

125 4784 162 4840 od
178 4792 329 4838 extremum
342 4780 443 4847 Clqisti
456 4777 599 4834 adveutum
616 4777 673 4832 lame
683 4774 808 4831 videntur
821 4788 851 4831 re
861 4788 927 4838 ern,
1003 4790 1082 4831 umn.
1096 4774 1147 4831 nisi
1172 4774 1243 4845 quod
1268 4790 1316 4844 pro
1330 4773 1440 4846 faciente
1455 4773 1535 4829 babet
1548 4774 1681 4841 retnente.
1706 4769 1780 4826 Deus

125 4854 164 4911 de
197 4869 231 4907 uo
249 4852 347 4907 Paulus
366 4849 437 4905 l’ltil.
452 4848 568 4917 m,2o:
588 4846 748 4905 Solsotorens
764 4855 929 4930 expectentes
978 4846 1197 4917 poenitendorum
1220 4848 1333 4917 qratiam
1354 4845 1427 4913 lacit,
1440 4860 1500 4902 eum
1518 4843 1628 4900 dimittit
1641 4850 1775 4913 peccata:
1843 4912 1845 4917 Ι

127 4926 165 4981 Ι).
178 4870 221 4981 Ἣ.
245 4920 275 4979 l.
301 4920 332 4977 C.
359 4922 404 4992 qui
421 4920 570 4989 retornetis
596 4936 690 4991 corpus
709 4918 862 4973 nunilonis
881 4930 929 4972 no-
979 4932 1041 4989 quae
1055 4916 1119 4973 ideo
1131 4916 1288 5001 penitendo.
1328 4916 1370 4975 uia
1393 4933 1426 4974 ea
1439 4916 1514 4989 sequi
1527 4914 1609 4973 debet
1621 4912 1779 4987 peonitentia

125 5006 198 5060 stre,
210 5007 262 5051 ele.
980 5002 1126 5059 numquam
1141 4996 1309 5044 mtermttten
1330 5003 1356 5044 a.

166 5068 206 5138 (l)
225 5064 334 5131 Excussi,
348 5063 521 5147 consolatione
533 5064 590 5149 ipso
603 5079 613 5117 .·
626 5060 925 5118 emendamurexmss.
956 5136 959 5141 .
1016 5082 1052 5153 (ι)
1071 5079 1199 5137 flendos,
1220 5081 1249 5137 qn
1272 5080 1408 5151 vum,
1433 5081 1461 5135 ,ῃ
1483 5096 1533 5153 q„
1556 5078 1671 5150 ,mm-q,
1695 5076 1779 5151 ξων,

127 5141 197 5197 Post
208 5154 260 5195 non
272 5148 398 5201 carentes,
413 5134 586 5205 subintellige
596 5149 697 5191 sanus.
978 5168 1077 5208 rm,-

168 5209 205 5281 (e)
225 5210 253 5265 ln
265 5207 358 5275 editis,
376 5204 499 5278 lleplettn
511 5207 596 5261 enin:
610 5215 638 5261 et
650 5219 725 5272 aaron,
736 5202 772 5258 etl
783 5201 929 5258 reddendos
1016 5223 1052 5298 (s)
1070 5223 1100 5279 1„
1124 5222 1241 5292 ommis,
1264 5222 1331 5277 ,pm
1354 5220 1479 5279 mm
1495 5219 1553 5278 Non
1568 5227 1657 5277 mm
1671 5218 1737 5274 m,
1751 5218 1780 5275 in

129 5280 442 5367 nectareamque.
456 5292 514 5348 itt·
530 5275 657 5359 :dinque
666 5276 735 5360 ‘fil'
745 5282 840 5329 '¹⁰⁸¹loe
852 5284 928 5344 ‘'¹2¹“
980 5310 1048 5353 mss.
1063 5309 1120 5368 rep.
1141 5309 1175 5352 ao
1188 5294 1290 5351 Toron.
1314 5292 1407 5351 necin
1422 5308 1499 5351 storo
1510 5301 1583 5351 textu
1596 5304 1685 5364 panea
1699 5296 1727 5345 et
1737 5288 1778 5345 ls-

128 5371 186 5411 orss
199 5353 281 5425 offiano
293 5361 460 5406 mutaremus.
476 5346 633 5404 llutonsnus
646 5362 766 5412 mosano,
781 5354 833 5400 ete.
854 5343 928 5400 ldem
980 5368 1049 5425 25⁰0,

128 5440 186 5555 :asa
196 5421 596 5565 mrffaegtilooswm
608 5426 633 5475 a
652 5417 742 5491 ἄψ
756 5424 856 5484 'mm’
867 5424 930 5487 Μ
981 5531 1010 5588 ln
1022 5456 1061 5586 (ἦ)
1079 5456 1119 5514 lta
1139 5472 1190 5513 ms.
1206 5456 1309 5515 Tuaen.
1329 5455 1516 5514 consentiente
1537 5454 1622 5525 regio,
1642 5452 1694 5509 uisi
1707 5450 1780 5523 quod

170 5567 212 5639 (d)
231 5566 296 5623 ltad.
309 5582 326 5618 o
339 5562 389 5619 Dei
407 5565 491 5635 qratia
512 5562 621 5631 [ammte
636 5561 848 5632 penitendonsnt.
862 5554 931 5613 Tum
999 5604 1006 5615 ‚
1052 5544 1085 5587 ⁰⁰
1108 5528 1186 5586 ‘¹⁸⁰³‘
1197 5545 1269 5615 Μ·
1284 5530 1314 5586 ¹¹¹
1328 5527 1410 5585 ‘dim
1423 5534 1524 5595 'meme
1541 5538 1669 5594 'mm
1687 5532 1713 5578 ‘l
1726 5524 1783 5595 ἰΡῑθ

130 5640 264 5697 Erasmus
277 5645 338 5707 post
356 5637 470 5691 tertuum
494 5632 708 5704 puniendorum,
725 5627 932 5698 desuoadjeett
981 5611 1119 5675 ΜΡΝ*
1132 5600 1267 5657 “mil

129 5714 231 5784 pineum·
243 5718 325 5779 atque
338 5705 397 5762 bec
407 5705 488 5761 lectio
500 5704 541 5760 sic
551 5702 713 5774 interpolata
721 5703 848 5783 deinceps
858 5699 931 5755 obti·
1019 5694 1060 5768 (t)
1078 5693 1112 5779 ln·
1122 5694 1247 5765 vulpaus,
1259 5706 1428 5775 commulnem.
1441 5686 1549 5745 llectius
1560 5686 1589 5741 in
1602 5698 1669 5741 mss.
1682 5696 1740 5755 req.
1755 5690 1784 5740 et

131 5782 204 5839 nauit.
219 5780 261 5837 Ex
276 5792 327 5834 ιιιι.
351 5792 410 5848 req.
425 5778 452 5830 ln
462 5789 518 5847 quo
529 5782 628 5841 exstat,
653 5791 670 5830 o
689 5772 755 5839 Deo,
770 5774 931 5845 emacresc-
981 5766 1083 5824 Toron.
1102 5782 1130 5821 an
1150 5780 1292 5820 commuue.
1308 5762 1354 5818 Sue
1369 5774 1460 5833 supra,
1477 5775 1545 5815 nnnc
1557 5765 1642 5813 ostem
1663 5757 1696 5812 de
1708 5770 1781 5811 otn-

130 5862 208 5909 tente
219 5847 435 5923 poealtendmmm
450 5845 549 5903 caulei
562 5855 665 5915 posset,
678 5843 772 5912 olleo,
794 5840 878 5913 pantio
889 5852 931 5895 rs·
981 5838 1064 5895 lendis
1077 5836 1220 5895 eommunis
1234 5844 1272 5889 est
1285 5833 1389 5887 oratio.-
